% !Mode:: "TeX:UTF-8"
%如果将此文件删除(删除文件,不是删除内容),则论文中不会出现攻读期间取得的研究成果一章。

@inproceedings{shao201synchronization,
  title={*********************************},
  author={*********************************},
  booktitle={2017 IEEE International Conference on Data Mining (ICDM)},
  pages={1075--1080},
  year={2017},
  organization={IEEE}
}


@inproceedings{gao2019semantic,
  title={*********************************},
  author={*********************************},
  journal={Knowledge-Based Systems},
  year={2019},
  publisher={Elsevier}
}


@inproceedings{gao2019bloma,
  title={*********************************},
  author={*********************************},
  booktitle={International Conference on Database Systems for Advanced Applications},
  year={2019},
  organization={Springer}
}

@inproceedings{zhang2019semisync,
  title={*********************************},
  author={*********************************},
  booktitle={International Conference on Database Systems for Advanced Applications},
  year={2019},
  organization={Springer}
}

@inproceedings{zhang2019towards,
  title={*********************************},
  author={*********************************},
  booktitle={International Conference on Database Systems for Advanced Applications},
  year={2019},
  organization={Springer}
}