% !Mode:: "TeX:UTF-8"
@article{fayyad1996data,
  title={From data mining to knowledge discovery in databases},
  author={Fayyad, Usama and Piatetsky-Shapiro, Gregory and Smyth, Padhraic},
  journal={AI magazine},
  volume={17},
  number={3},
  pages={37},
  year={1996}
}

@article{hinton1984distributed,
  title={Distributed representations},
  author={Hinton, Geoffrey E},
  year={1984}
}

@article{tobler1970computer,
  title={A computer movie simulating urban growth in the Detroit region},
  author={Tobler, Waldo R},
  journal={Economic geography},
  volume={46},
  number={sup1},
  pages={234--240},
  year={1970},
  publisher={Taylor \& Francis}
}
@inproceedings{lee2008trajectory,
  title={Trajectory outlier detection: A partition-and-detect framework},
  author={Lee, Jae-Gil and Han, Jiawei and Li, Xiaolei},
  booktitle={2008 IEEE 24th International Conference on Data Engineering},
  pages={140--149},
  year={2008},
  organization={IEEE}
}
@inproceedings{zheng2008understanding,
  title={Understanding mobility based on GPS data},
  author={Zheng, Yu and Li, Quannan and Chen, Yukun and Xie, Xing and Ma, Wei-Ying},
  booktitle={Proceedings of the 10th international conference on Ubiquitous computing},
  pages={312--321},
  year={2008},
  organization={ACM}
}
@inproceedings{sohn2006mobility,
  title={Mobility detection using everyday GSM traces},
  author={Sohn, Timothy and Varshavsky, Alex and LaMarca, Anthony and Chen, Mike Y and Choudhury, Tanzeem and Smith, Ian and Consolvo, Sunny and Hightower, Jeffrey and Griswold, William G and De Lara, Eyal},
  booktitle={International Conference on Ubiquitous Computing},
  pages={212--224},
  year={2006},
  organization={Springer}
}
@article{cao2007discovery,
  title={Discovery of periodic patterns in spatiotemporal sequences},
  author={Cao, Huiping and Mamoulis, Nikos and Cheung, David W},
  journal={IEEE Transactions on Knowledge and Data Engineering},
  volume={19},
  number={4},
  pages={453--467},
  year={2007},
  publisher={IEEE}
}
@incollection{kharrat2008clustering,
  title={Clustering algorithm for network constraint trajectories},
  author={Kharrat, Ahmed and Popa, Iulian Sandu and Zeitouni, Karine and Faiz, Sami},
  booktitle={Headway in Spatial Data Handling},
  pages={631--647},
  year={2008},
  publisher={Springer}
}
@article{salvador2007toward,
  title={Toward accurate dynamic time warping in linear time and space},
  author={Salvador, Stan and Chan, Philip},
  journal={Intelligent Data Analysis},
  volume={11},
  number={5},
  pages={561--580},
  year={2007},
  publisher={IOS Press}
}
@inproceedings{gudmundsson2004efficient,
  title={Efficient detection of motion patterns in spatio-temporal data sets},
  author={Gudmundsson, Joachim and van Kreveld, Marc and Speckmann, Bettina},
  booktitle={Proceedings of the 12th annual ACM international workshop on Geographic information systems},
  pages={250--257},
  year={2004},
  organization={ACM}
}

@article{chen2013dynamic,
  title={A dynamic time warping based algorithm for trajectory matching in LBS},
  author={Chen, Peng and Gu, Junzhong and Zhu, Dehui and Shao, Fei},
  journal={International Journal of Database Theory and Application},
  volume={6},
  number={3},
  pages={39--48},
  year={2013}
}
@article{senin2008dynamic,
  title={Dynamic time warping algorithm review},
  author={Senin, Pavel},
  journal={Information and Computer Science Department University of Hawaii at Manoa Honolulu, USA},
  volume={855},
  pages={1--23},
  year={2008},
  publisher={Citeseer}
}
@inproceedings{xue2013destination,
  title={Destination prediction by sub-trajectory synthesis and privacy protection against such prediction},
  author={Xue, Andy Yuan and Zhang, Rui and Zheng, Yu and Xie, Xing and Huang, Jin and Xu, Zhenghua},
  booktitle={2013 IEEE 29th international conference on data engineering (ICDE)},
  pages={254--265},
  year={2013},
  organization={IEEE}
}
@inproceedings{emrich2012querying,
  title={Querying uncertain spatio-temporal data},
  author={Emrich, Tobias and Kriegel, Hans-Peter and Mamoulis, Nikos and Renz, Matthias and Zufle, Andreas},
  booktitle={2012 IEEE 28th International Conference on Data Engineering},
  pages={354--365},
  year={2012},
  organization={IEEE}
}
@article{cheng2004querying,
  title={Querying imprecise data in moving object environments},
  author={Cheng, Reynold and Kalashnikov, Dmitri V and Prabhakar, Sunil},
  journal={IEEE Transactions on Knowledge and Data Engineering},
  volume={16},
  number={9},
  pages={1112--1127},
  year={2004},
  publisher={IEEE}
}
@article{zheng2015trajectory,
  title={Trajectory data mining: an overview},
  author={Zheng, Yu},
  journal={ACM Transactions on Intelligent Systems and Technology (TIST)},
  volume={6},
  number={3},
  pages={29},
  year={2015},
  publisher={ACM}
}
@book{han2011data,
  title={Data mining: concepts and techniques},
  author={Han, Jiawei and Pei, Jian and Kamber, Micheline},
  year={2011},
  publisher={Elsevier}
}
@article{mennis2009spatial,
  title={Spatial data mining and geographic knowledge discoveryâ€”An introduction},
  author={Mennis, Jeremy and Guo, Diansheng},
  journal={Computers, Environment and Urban Systems},
  volume={33},
  number={6},
  pages={403--408},
  year={2009},
  publisher={Elsevier}
}
@book{han2009geographic,
  title={Geographic data mining and knowledge discovery},
  author={Han, Jiawei and Miller, Harvey J},
  year={2009},
  publisher={CRC Press}
}
@book{miller2008geographic,
  title={Geographic data mining and knowledge discovery},
  author={Miller, Harvey J},
  year={2008},
  publisher={Blackwell Publishing Malden, MA}
}


@book{pelekis2014mobility,
  title={Mobility data management and exploration},
  author={Pelekis, Nikos and Theodoridis, Yannis},
  year={2014},
  publisher={Springer}
}
@inbook{spinsanti2013mobility,
author = {Spinsanti, Laura and Berlingerio, Michele and Pappalardo, Luca},
year = {2013},
month = {10},
pages = {},
title = {Mobility and geo-social networks},
isbn = {9781107021716},
doi = {10.1017/CBO9781139128926.017}
}

@inproceedings{agrawal1994fast,
  title={Fast algorithms for mining association rules},
  author={Agrawal, Rakesh and Srikant, Ramakrishnan and others},
  publisher={Proc. 20th int. conf. very large data bases, VLDB},
  volume={1215},
  pages={487--499},
  year={1994}
}

@inproceedings{ma2008sorec,
  title={Sorec: social recommendation using probabilistic matrix factorization},
  author={Ma, Hao and Yang, Haixuan and Lyu, Michael R and King, Irwin},
  booktitle={Proceedings of the 17th ACM conference on Information and knowledge management},
  pages={931--940},
  year={2008},
  organization={ACM}
}

@inproceedings{jamali2010matrix,
  title={A matrix factorization technique with trust propagation for recommendation in social networks},
  author={Jamali, Mohsen and Ester, Martin},
  booktitle={Proceedings of the fourth ACM conference on Recommender systems},
  pages={135--142},
  year={2010},
  organization={ACM}
}

====================KBS===============================

@inproceedings{ankerst1999optics,
  title={OPTICS: ordering points to identify the clustering structure},
  author={Ankerst, Mihael and Breunig, Markus M and Kriegel, Hans-Peter and Sander, J{\"o}rg},
  booktitle={ACM Sigmod record},
  volume={28},
  number={2},
  pages={49--60},
  year={1999},
  organization={ACM}
}

@article{soares2015grasp,
  title={GRASP-UTS: an algorithm for unsupervised trajectory segmentation},
  author={Soares J{\'u}nior, Am{\'\i}lcar and Moreno, Bruno Neiva and Times, Val{\'e}ria Ces{\'a}rio and Matwin, Stan and Cabral, Luc{\'\i}dio dos Anjos Formiga},
  journal={International Journal of Geographical Information Science},
  volume={29},
  number={1},
  pages={46--68},
  year={2015},
  publisher={Taylor \& Francis}
}

@inproceedings{ester1996density,
  title={A density-based algorithm for discovering clusters in large spatial databases with noise.},
  author={Ester, Martin and Kriegel, Hans-Peter and Sander, J{\"o}rg and Xu, Xiaowei and others},
  booktitle={Kdd},
  volume={96},
  number={34},
  pages={226--231},
  year={1996}
}

@article{bao2015recommendations,
  title={Recommendations in location-based social networks: a survey},
  author={Bao, Jie and Zheng, Yu and Wilkie, David and Mokbel, Mohamed},
  journal={GeoInformatica},
  volume={19},
  number={3},
  pages={525--565},
  year={2015},
  publisher={Springer}
}

@article{zhang2018explainable,
  title={Explainable Recommendation: A Survey and New Perspectives},
  author={Zhang, Yongfeng and Chen, Xu},
  journal={arXiv preprint arXiv:1804.11192},
  year={2018}
}

@article{zheng2010understanding,
  title={Understanding transportation modes based on GPS data for web applications},
  author={Zheng, Yu and Chen, Yukun and Li, Quannan and Xie, Xing and Ma, Wei-Ying},
  journal={ACM Transactions on the Web (TWEB)},
  volume={4},
  number={1},
  pages={1},
  year={2010},
  publisher={ACM}
}

@book{Renso:2013:MDM:2553228,
 author = {Renso, Dr Chiara and Spaccapietra, Dr Stefano and Zimnyi, Dr Esteban},
 title = {Mobility Data: Modeling, Management, and Understanding},
 year = {2013},
 isbn = {1107021715, 9781107021716},
 publisher = {Cambridge University Press},
 address = {New York, NY, USA},
} 


@article{tsai2015location,
  title={A location-item-time sequential pattern mining algorithm for route recommendation},
  author={Tsai, Chieh-Yuan and Lai, Bo-Han},
  journal={Knowledge-Based Systems},
  volume={73},
  pages={97--110},
  year={2015},
  publisher={Elsevier}
}

@article{si2017ctf,
  title={CTF-ARA: An adaptive method for POI recommendation based on check-in and temporal features},
  author={Si, Yali and Zhang, Fuzhi and Liu, Wenyuan},
  journal={Knowledge-Based Systems},
  volume={128},
  pages={59--70},
  year={2017},
  publisher={Elsevier}
}
@article{lv2015measuring,
  title={Measuring cell-id trajectory similarity for mobile phone route classification},
  author={Lv, Mingqi and Chen, Ling and Shen, Yanbin and Chen, Gencai},
  journal={Knowledge-Based Systems},
  volume={89},
  pages={181--191},
  year={2015},
  publisher={Elsevier}
}
@article{wang2013mining,
  title={Mining frequent trajectory pattern based on vague space partition},
  author={Wang, Liang and Hu, Kunyuan and Ku, Tao and Yan, Xiaohui},
  journal={Knowledge-based systems},
  volume={50},
  pages={100--111},
  year={2013},
  publisher={Elsevier}
}

@article{dong2018novel,
  title={Novel Privacy-preserving Algorithm Based on Frequent Path for Trajectory Data Publishing},
  author={Dong, Yulan and Pi, Dechang},
  journal={Knowledge-Based Systems},
  year={2018},
  publisher={Elsevier}
}


@article{review,
  title={The Kuramoto model: A simple paradigm for synchronization phenomena},
  author={Acebr{\'o}n, Juan A and Bonilla, Luis L and Vicente, Conrad J P{\'e}rez and Ritort, F{\'e}lix and Spigler, Renato},
  journal={Reviews of modern physics},
  volume={77},
  number={1},
  pages={137},
  year={2005},
  publisher={APS}
}
@article{acebron2005kuramoto,
  title={The Kuramoto model: A simple paradigm for synchronization phenomena},
  author={Acebr{\'o}n, Juan A and Bonilla, Luis L and Vicente, Conrad J P{\'e}rez and Ritort, F{\'e}lix and Spigler, Renato},
  journal={Reviews of modern physics},
  volume={77},
  number={1},
  pages={137},
  year={2005},
  publisher={APS}
}
@article{arenas2006synchronization,
  title={Synchronization reveals topological scales in complex networks},
  author={Arenas, Alex and Diaz-Guilera, Albert and P{\'e}rez-Vicente, Conrad J},
  journal={Physical review letters},
  volume={96},
  number={11},
  pages={114102},
  year={2006},
  publisher={APS}
}
@article{network,
  title={Synchronization reveals topological scales in complex networks},
  author={Arenas, Alex and Diaz-Guilera, Albert and P{\'e}rez-Vicente, Conrad J},
  journal={Physical review letters},
  volume={96},
  number={11},
  pages={114102},
  year={2006},
  publisher={APS}
}
@article{kim2008phase,
  title={A phase synchronization clustering algorithm for identifying interesting groups of genes from cell cycle expression data},
  author={Kim, Chang Sik and Bae, Cheol Soo and Tcha, Hong Joon},
  journal={BMC bioinformatics},
  volume={9},
  number={1},
  pages={56},
  year={2008},
  publisher={BioMed Central}
}
@article{gene,
  title={A phase synchronization clustering algorithm for identifying interesting groups of genes from cell cycle expression data},
  author={Kim, Chang Sik and Bae, Cheol Soo and Tcha, Hong Joon},
  journal={BMC bioinformatics},
  volume={9},
  number={1},
  pages={56},
  year={2008},
  publisher={BioMed Central}
}


@book{kuramoto2012chemical,
  title={Chemical oscillations, waves, and turbulence},
  author={Kuramoto, Yoshiki},
  volume={19},
  year={2012},
  publisher={Springer Science \& Business Media}
}

@article{shaoBook,
  title={Synchronization on data mining: a universal concept for knowledge discovery},
  author={Shao, J},
  journal={LAP LAMBERT Academic Publishing, Saarbr{\"u}cken},
  year={2012}
}
@article{shao2012synchronization,
  title={Synchronization on data mining: a universal concept for knowledge discovery},
  author={Shao, J},
  journal={LAP LAMBERT Academic Publishing, Saarbr{\"u}cken},
  year={2012}
}

@article{effective,
  title={Scaling up synchronization-inspired partitioning clustering},
  author={Ying, Wenhao and Chung, Fu-Lai and Wang, Shitong},
  journal={IEEE Transactions on Knowledge and Data Engineering},
  volume={26},
  number={8},
  pages={2045--2057},
  year={2014},
  publisher={IEEE}
}

@article{ying2014scaling,
  title={Scaling up synchronization-inspired partitioning clustering},
  author={Ying, Wenhao and Chung, Fu-Lai and Wang, Shitong},
  journal={IEEE Transactions on Knowledge and Data Engineering},
  volume={26},
  number={8},
  pages={2045--2057},
  year={2014},
  publisher={IEEE}
}

@article{lee2008traclass,
  title={TraClass: trajectory classification using hierarchical region-based and trajectory-based clustering},
  author={Lee, Jae-Gil and Han, Jiawei and Li, Xiaolei and Gonzalez, Hector},
  journal={Proceedings of the VLDB Endowment},
  volume={1},
  number={1},
  pages={1081--1094},
  year={2008},
  publisher={VLDB Endowment}
}
@inproceedings{nascimento1998towards,
  title={Towards historical R-trees},
  author={Nascimento, Mario A and Silva, Jefferson RO},
  booktitle={Proceedings of the 1998 ACM symposium on Applied Computing},
  pages={235--240},
  year={1998},
  organization={ACM}
}
@inproceedings{tao2001mv3r,
  title={The mv3r-tree: A spatio-temporal access method for timestamp and interval queries},
  author={Tao, Yufei and Papadias, Dimitris},
  booktitle={Proceedings of Very Large Data Bases Conference (VLDB), 11-14 September, Rome},
  year={2001}
}
@inproceedings{chakka2003indexing,
  title={Indexing Large Trajectory Data Sets with SETI},
  author={Chakka, V Prasad and Everspaugh, Adam C and Patel, Jignesh M},
  booktitle={CIDR'03},
  year={2003}
}

@article{frentzos2007algorithms,
  title={Algorithms for nearest neighbor search on moving object trajectories},
  author={Frentzos, Elias and Gratsias, Kostas and Pelekis, Nikos and Theodoridis, Yannis},
  journal={Geoinformatica},
  volume={11},
  number={2},
  pages={159--193},
  year={2007},
  publisher={Springer}
}
@inproceedings{chen2010searching,
  title={Searching trajectories by locations: an efficiency study},
  author={Chen, Zaiben and Shen, Heng Tao and Zhou, Xiaofang and Zheng, Yu and Xie, Xing},
  booktitle={Proceedings of the 2010 ACM SIGMOD International Conference on Management of data},
  pages={255--266},
  year={2010},
  organization={ACM}
}
@incollection{deng2011trajectory,
  title={Trajectory indexing and retrieval},
  author={Deng, Ke and Xie, Kexin and Zheng, Kevin and Zhou, Xiaofang},
  booktitle={Computing with spatial trajectories},
  pages={35--60},
  year={2011},
  publisher={Springer}
}
@article{friedman1977algorithm,
  title={An algorithm for finding best matches in logarithmic expected time},
  author={Friedman, Jerome H and Bentley, Jon Louis and Finkel, Raphael Ari},
  journal={ACM Transactions on Mathematical Software (TOMS)},
  volume={3},
  number={3},
  pages={209--226},
  year={1977},
  publisher={ACM}
}
@article{popa2015spatio,
  title={Spatio-temporal compression of trajectories in road networks},
  author={Popa, Iulian Sandu and Zeitouni, Karine and Oria, Vincent and Kharrat, Ahmed},
  journal={GeoInformatica},
  volume={19},
  number={1},
  pages={117--145},
  year={2015},
  publisher={Springer}
}
@article{hung2015clustering,
  title={Clustering and aggregating clues of trajectories for mining trajectory patterns and routes},
  author={Hung, Chih-Chieh and Peng, Wen-Chih and Lee, Wang-Chien},
  journal={The VLDB Journalâ€”The International Journal on Very Large Data Bases},
  volume={24},
  number={2},
  pages={169--192},
  year={2015},
  publisher={Springer-Verlag New York, Inc.}
}
@article{gotsman2015dilution,
  title={A Dilution-matching-encoding compaction of trajectories over road networks},
  author={Gotsman, Ranit and Kanza, Yaron},
  journal={GeoInformatica},
  volume={19},
  number={2},
  pages={331--364},
  year={2015},
  publisher={Springer}
}

@article{civilis2005techniques,
  title={Techniques for efficient road-network-based tracking of moving objects},
  author={Civilis, Alminas and Jensen, Christian S and Pakalnis, Stardas},
  journal={IEEE Transactions on Knowledge and Data Engineering},
  volume={17},
  number={5},
  pages={698--712},
  year={2005},
  publisher={IEEE}
}
@article{long2013direction,
  title={Direction-preserving trajectory simplification},
  author={Long, Cheng and Wong, Raymond Chi-Wing and Jagadish, HV},
  journal={Proceedings of the VLDB Endowment},
  volume={6},
  number={10},
  pages={949--960},
  year={2013},
  publisher={VLDB Endowment}
}
@article{long2014trajectory,
  title={Trajectory simplification: on minimizing the direction-based error},
  author={Long, Cheng and Wong, Raymond Chi-Wing and Jagadish, HV},
  journal={Proceedings of the VLDB Endowment},
  volume={8},
  number={1},
  pages={49--60},
  year={2014},
  publisher={VLDB Endowment}
}
@book{grunwald2005advances,
  title={Advances in minimum description length: Theory and applications},
  author={Gr{\"u}nwald, Peter D and Myung, In Jae and Pitt, Mark A},
  year={2005},
  publisher={MIT press}
}
@article{muckell2014compression,
  title={Compression of trajectory data: a comprehensive evaluation and new approach},
  author={Muckell, Jonathan and Olsen, Paul W and Hwang, Jeong-Hyon and Lawson, Catherine T and Ravi, SS},
  journal={GeoInformatica},
  volume={18},
  number={3},
  pages={435--460},
  year={2014},
  publisher={Springer}
}

@inproceedings{muckell2011squish,
  title={SQUISH: an online approach for GPS trajectory compression},
  author={Muckell, Jonathan and Hwang, Jeong-Hyon and Patil, Vikram and Lawson, Catherine T and Ping, Fan and Ravi, SS},
  booktitle={Proceedings of the 2nd International Conference on Computing for Geospatial Research \& Applications},
  pages={13},
  year={2011},
  organization={ACM}
}

@inproceedings{meratnia2004spatiotemporal,
  title={Spatiotemporal compression techniques for moving point objects},
  author={Meratnia, Nirvana and Rolf, A},
  booktitle={International Conference on Extending Database Technology},
  pages={765--782},
  year={2004},
  organization={Springer}
}

@inproceedings{potamias2006sampling,
  title={Sampling trajectory streams with spatiotemporal criteria},
  author={Potamias, Michalis and Patroumpas, Kostas and Sellis, Timos},
  booktitle={18th International Conference on Scientific and Statistical Database Management.},
  pages={275--284},
  year={2006},
  organization={IEEE}
}

@inproceedings{kavraki1996probabilistic,
  title={Probabilistic Roadmaps for Path Planning in High-dimensional Configuration Spaces},
  author={Kavraki, Lydia E and Svestka, Petr and Latombe, J-C and Overmars, Mark H},
  booktitle={IEEE Transactions on Robotics and Automation},
  year={1996},
}


@inproceedings{yuan2011driving,
  title={Driving with knowledge from the physical world},
  author={Yuan, Jing and Zheng, Yu and Xie, Xing and Sun, Guangzhong},
  booktitle={Proceedings of the 17th ACM SIGKDD international conference on knowledge discovery and data mining},
  pages={316--324},
  year={2011},
  organization={ACM}
}

@inproceedings{yuan2010t,
  title={T-drive: driving directions based on taxi trajectories},
  author={Yuan, Jing and Zheng, Yu and Zhang, Chengyang and Xie, Wenlei and Xie, Xing and Sun, Guangzhong and Huang, Yan},
  booktitle={Proceedings of the 18th SIGSPATIAL International conference on advances in geographic information systems},
  pages={99--108},
  year={2010}
}

@article{zheng2010geolife,
  title={Geolife: A collaborative social networking service among user, location and trajectory.},
  author={Zheng, Yu and Xie, Xing and Ma, Wei-Ying},
  journal={IEEE Data Eng. Bull.},
  volume={33},
  number={2},
  pages={32--39},
  year={2010},
  publisher={Citeseer}
}

@inproceedings{zheng2009mining,
  title={Mining interesting locations and travel sequences from GPS trajectories},
  author={Zheng, Yu and Zhang, Lizhu and Xie, Xing and Ma, Wei-Ying},
  booktitle={Proceedings of the 18th International Conference on World Wide Web},
  pages={791--800},
  year={2009}
}


@inproceedings{zheng2008understanding,
  title={Understanding mobility based on GPS data},
  author={Zheng, Yu and Li, Quannan and Chen, Yukun and Xie, Xing and Ma, Wei-Ying},
  booktitle={Proceedings of the 10th International Conference on Ubiquitous Computing},
  pages={312--321},
  year={2008},
}



@article{shaker2012iblstreams,
  title={IBLStreams: a system for instance-based classification and regression on data streams},
  author={Shaker, Ammar and H{\"u}llermeier, Eyke},
  journal={Evolving Systems},
  volume={3},
  number={4},
  pages={235--249},
  year={2012},
  publisher={Springer}
}

@inproceedings{wang2003mining,
  title={Mining concept-drifting data streams using ensemble classifiers},
  author={Wang, Haixun and Fan, Wei and Yu, Philip S and Han, Jiawei},
  booktitle={Proceedings of the ninth ACM SIGKDD international conference on knowledge discovery and data mining},
  pages={226--235},
  year={2003},
  organization={AcM}
}
@article{acebron2005kuramoto,
  title={The Kuramoto model: A simple paradigm for synchronization phenomena},
  author={Acebr{\'o}n, Juan A and Bonilla, Luis L and Vicente, Conrad J P{\'e}rez and Ritort, F{\'e}lix and Spigler, Renato},
  journal={Reviews of modern physics},
  volume={77},
  number={1},
  pages={137},
  year={2005},
  publisher={APS}
}

@inproceedings{cao2006density,
  title={Density-based clustering over an evolving data stream with noise},
  author={Cao, Feng and Estert, Martin and Qian, Weining and Zhou, Aoying},
  booktitle={Proceedings of the 2006 SIAM international conference on data mining},
  pages={328--339},
  year={2006},
  organization={SIAM}
}

@article{lin2017one,
  title={One-pass error bounded trajectory simplification},
  author={Lin, Xuelian and Ma, Shuai and Zhang, Han and Wo, Tianyu and Huai, Jinpeng},
  journal={Proceedings of the VLDB Endowment},
  volume={10},
  number={7},
  pages={841--852},
  year={2017},
  publisher={VLDB Endowment}
}

@inproceedings{liu2015bounded,
  title={Bounded quadrant system: Error-bounded trajectory compression on the go},
  author={Liu, Jiajun and Zhao, Kun and Sommer, Philipp and Shang, Shuo and Kusy, Brano and Jurdak, Raja},
  booktitle={Data Engineering (ICDE), 2015 IEEE 31st International Conference on},
  pages={987--998},
  year={2015},
  organization={IEEE}
}

@inproceedings{castelli2007whereabouts,
  title={The whereabouts diary},
  author={Castelli, Gabriella and Mamei, Marco and Rosi, Alberto},
  booktitle={International Symposium on Location-and Context-Awareness},
  pages={175--192},
  year={2007},
  organization={Springer}
}

@article{liao2007learning,
  title={Learning and inferring transportation routines},
  author={Liao, Lin and Patterson, Donald J and Fox, Dieter and Kautz, Henry},
  journal={Artificial Intelligence},
  volume={171},
  number={5-6},
  pages={311--331},
  year={2007},
  publisher={Elsevier}
}

@article{liao2007extracting,
  title={Extracting places and activities from gps traces using hierarchical conditional random fields},
  author={Liao, Lin and Fox, Dieter and Kautz, Henry},
  journal={The International Journal of Robotics Research},
  volume={26},
  number={1},
  pages={119--134},
  year={2007},
  publisher={Sage Publications Sage CA: Thousand Oaks, CA}
}

@inproceedings{nascimento1998towards,
  title={Towards historical R-trees},
  author={Nascimento, Mario A and Silva, Jefferson RO},
  booktitle={Proceedings of the 1998 ACM symposium on Applied Computing},
  pages={235--240},
  year={1998},
  organization={ACM}
}

@inproceedings{shao2017Cosync,
  title={Synchronization-inspired Co-clustering and Its Application to Gene Expression Data},
  author={Shao, Junming and Gao, Chongming and Zeng, Wei and Song, Jingkuan and Yang, Qinli},
  booktitle={2017 IEEE 11th International Conference on Data Mining (ICDM)},
  organization={IEEE},
  year={2017},
}

@phdthesis{shao2011synchronization,
  title={Synchronization Inspired Data Mining},
  author={Shao, Junming},
  year={2011},
  school={lmu}
}

@article{kis,
  title={Synchronization-based scalable subspace clustering of high-dimensional data},
  author={Shao, Junming and Wang, Xinzuo and Yang, Qinli and Plant, Claudia and B{\"o}hm, Christian},
  journal={Knowledge and Information Systems},
  volume={52},
  number={1},
  pages={83--111},
  year={2017},
  publisher={Springer}
}

@article{shao2017synchronization,
  title={Synchronization-based scalable subspace clustering of high-dimensional data},
  author={Shao, Junming and Wang, Xinzuo and Yang, Qinli and Plant, Claudia and B{\"o}hm, Christian},
  journal={Knowledge and Information Systems},
  volume={52},
  number={1},
  pages={83--111},
  year={2017},
  publisher={Springer}
}

@Inbook{Shao2010,
author="Shao, Junming
and B{\"o}hm, Christian
and Yang, Qinli
and Plant, Claudia",
editor="Balc{\'a}zar, Jos{\'e} Luis
and Bonchi, Francesco
and Gionis, Aristides
and Sebag, Mich{\`e}le",
chapter="Synchronization Based Outlier Detection",
title="Machine Learning and Knowledge Discovery in Databases: European Conference, ECML PKDD 2010, Barcelona, Spain, September 20-24, 2010, Proceedings, Part III",
year="2010",
publisher="Springer Berlin Heidelberg",
% address="Berlin, Heidelberg",
pages="245--260",
% isbn="978-3-642-15939-8",
% doi="10.1007/978-3-642-15939-8_16",
% url="http://dx.doi.org/10.1007/978-3-642-15939-8_16"
}


@article{shao2017robust,
  title={Robust Prototype-based Learning on Data Streams},
  author={Shao, Junming and Huang, Feng and Yang, Qinli and Luo, Guangchun},
  journal={IEEE Transactions on Knowledge and Data Engineering},
  year={2017},
  publisher={IEEE}
}

@inproceedings{gotsman2013compact,
  title={Compact representation of GPS trajectories over vectorial road networks},
  author={Gotsman, Ranit and Kanza, Yaron},
  booktitle={International Symposium on Spatial and Temporal Databases},
  pages={241--258},
  year={2013},
  organization={Springer}
}

@inproceedings{meratnia2004spatiotemporal,
  title={Spatiotemporal compression techniques for moving point objects},
  author={Meratnia, Nirvana and Rolf, A},
  booktitle={International Conference on Extending Database Technology},
  pages={765--782},
  year={2004},
  organization={Springer}
}
@article{muckell2014compression,
  title={Compression of trajectory data: a comprehensive evaluation and new approach},
  author={Muckell, Jonathan and Olsen, Paul W and Hwang, Jeong-Hyon and Lawson, Catherine T and Ravi, SS},
  journal={GeoInformatica},
  volume={18},
  number={3},
  pages={435--460},
  year={2014},
  publisher={Springer}
}
@inproceedings{liu2015bounded,
  title={Bounded quadrant system: Error-bounded trajectory compression on the go},
  author={Liu, Jiajun and Zhao, Kun and Sommer, Philipp and Shang, Shuo and Kusy, Brano and Jurdak, Raja},
  booktitle={2015 IEEE 31st International Conference on Data Engineering (ICDE)},
  pages={987--998},
  year={2015},
  organization={IEEE}
}
@inproceedings{chen2009trajectory,
  title={Trajectory simplification method for location-based social networking services},
  author={Chen, Yukun and Jiang, Kai and Zheng, Yu and Li, Chunping and Yu, Nenghai},
  booktitle={Proceedings of the 2009 International Workshop on Location Based Social Networks},
  pages={33--40},
  year={2009},
  organization={ACM}
}
@inproceedings{liu2014compressing,
  title={Compressing large scale urban trajectory data},
  author={Liu, Kuien and Li, Yaguang and Dai, Jian and Shang, Shuo and Zheng, Kai},
  booktitle={Proceedings of the Fourth International Workshop on Cloud Data and Platforms},
  pages={3},
  year={2014},
  organization={ACM}
}
@article{schmid2009semantic,
  title={Semantic trajectory compression},
  author={Schmid, Falko and Richter, Kai-Florian and Laube, Patrick},
  journal={Advances in Spatial and Temporal Databases},
  pages={411--416},
  year={2009},
  publisher={Springer}
}
@article{richter2012semantic,
  title={Semantic trajectory compression: Representing urban movement in a nutshell},
  author={Richter, Kai-Florian and Schmid, Falko and Laube, Patrick},
  journal={Journal of Spatial Information Science},
  volume={2012},
  number={4},
  pages={3--30},
  year={2012}
}
@article{sun2016overview,
  title={An Overview of Moving Object Trajectory Compression Algorithms},
  author={Sun, Penghui and Xia, Shixiong and Yuan, Guan and Li, Daxing},
  journal={Mathematical Problems in Engineering},
  volume={2016},
  year={2016},
  publisher={Hindawi Publishing Corporation}
}
\
@article{lin2017one,
  title={One-pass error bounded trajectory simplification},
  author={Lin, Xuelian and Ma, Shuai and Zhang, Han and Wo, Tianyu and Huai, Jinpeng},
  journal={Proceedings of the VLDB Endowment},
  volume={10},
  number={7},
  pages={841--852},
  year={2017},
  publisher={VLDB Endowment}
}
@inproceedings{trajcevski2006line,
  title={On-line data reduction and the quality of history in moving objects databases},
  author={Trajcevski, Goce and Cao, Hu and Scheuermanny, Peter and Wolfsonz, Ouri and Vaccaro, Dennis},
  booktitle={Proceedings of the 5th ACM International Workshop on Data Engineering for Wireless and Mobile Sccess},
  pages={19--26},
  year={2006},
  organization={ACM}
}

@article{douglas1973algorithms,
  title={Algorithms for the reduction of the number of points required to represent a digitized line or its caricature},
  author={Douglas, David H and Peucker, Thomas K},
  journal={Cartographica: The International Journal for Geographic Information and Geovisualization},
  volume={10},
  number={2},
  pages={112--122},
  year={1973},
  publisher={University of Toronto Press}
}

@inproceedings{chen2009trajectory,
  title={Trajectory simplification method for location-based social networking services},
  author={Chen, Yukun and Jiang, Kai and Zheng, Yu and Li, Chunping and Yu, Nenghai},
  booktitle={Proceedings of the 2009 International Workshop on Location Based Social Networks},
  pages={33--40},
  year={2009},
  organization={ACM}
}

@inproceedings{paefgen2011gps,
  title={GPS trajectory feature extraction for driver risk profiling},
  author={Paefgen, Johannes and Michahelles, Florian and Staake, Thorsten},
  booktitle={Proceedings of the 2011 international workshop on Trajectory data mining and analysis},
  pages={53--56},
  year={2011}
}


@inproceedings{jiang2016route,
  title={Route planning for locations based on trajectory segments},
  author={Jiang, Jinsheng and Xu, Chong and Xu, Jian and Xu, Ming and Zheng, Ning and Kong, Kaiwei},
  booktitle={Proceedings of the 2nd ACM SIGSPATIAL Workshop on Smart Cities and Urban Analytics},
  pages={6},
  year={2016}
}

@article{seliger2002plasticity,
  title={Plasticity and learning in a network of coupled phase oscillators},
  author={Seliger, Philip and Young, Stephen C and Tsimring, Lev S},
  journal={Physical Review E},
  volume={65},
  number={4},
  pages={041906},
  year={2002},
  publisher={APS}
}

@article{sync,
  author    = {Junming Shao and
               Xiao He and
               Christian B{\"{o}}hm and
               Qinli Yang and
               Claudia Plant},
  title     = {Synchronization-Inspired Partitioning and Hierarchical Clustering},
  journal   = {IEEE Transactions on Knowledge and Data Engineering},
  volume    = {25},
  number    = {4},
  pages     = {893--905},
  year      = {2013},
}


@article{DBLP:journals/tkde/ShaoHBYP13,
  author    = {Junming Shao and
               Xiao He and
               Christian B{\"{o}}hm and
               Qinli Yang and
               Claudia Plant},
  title     = {Synchronization-Inspired Partitioning and Hierarchical Clustering},
  journal   = {IEEE Transactions on Knowledge and Data Engineering},
  volume    = {25},
  number    = {4},
  pages     = {893--905},
  year      = {2013},
}

@article{aeyels2008mathematical,
  title={A mathematical model for the dynamics of clustering},
  author={Aeyels, Dirk and De Smet, Filip},
  journal={Physica D: Nonlinear Phenomena},
  volume={237},
  number={19},
  pages={2517--2530},
  year={2008}
}

@article{DBLP:journals/bmcbi/KimBT08,
  author    = {Chang Sik Kim and
               Cheol Soo Bae and
               Hong Joon Tcha},
  title     = {A phase synchronization clustering algorithm for identifying interesting
               groups of genes from cell cycle expression data},
  journal   = {{BMC} Bioinformatics},
  volume    = {9},
  year      = {2008},
}

@article{ando2015ensemble,
  title={Ensemble anomaly detection from multi-resolution trajectory features},
  author={Ando, Shin and Thanomphongphan, Theerasak and Seki, Yoichi and Suzuki, Einoshin},
  journal={Data Mining and Knowledge Discovery},
  volume={29},
  number={1},
  pages={39--83},
  year={2015}
}

@inproceedings{ardakani2017encoding,
  title={Encoding bird's trajectory using Recurrent Neural Networks},
  author={Ardakani, Ilya S and Hashimoto, Koichi},
  booktitle={IEEE International Conference on Mechatronics and Automation},
  pages={1644--1649},
  year={2017}
}

@article{gariel2011trajectory,
  title={Trajectory clustering and an application to airspace monitoring},
  author={Gariel, Maxime and Srivastava, Ashok N and Feron, Eric},
  journal={IEEE Transactions on Intelligent Transportation Systems},
  volume={12},
  number={4},
  pages={1511--1524},
  year={2011}
}

@inproceedings{eckstein2009automated,
  title={Automated flight track taxonomy for measuring benefits from performance based navigation},
  author={Eckstein, Adric},
  booktitle={Integrated Communications, Navigation and Surveillance Conference, 2009. ICNS'09.},
  pages={1--12},
  year={2009}
}

@inproceedings{naftel2006motion,
  title={Motion trajectory learning in the DFT-coefficient feature space},
  author={Naftel, Andrew and Khalid, Shehzad},
  booktitle={International Conference on Computer Vision Systems},
  pages={47--47},
  year={2006},
}




@inproceedings{annoni2012analysis,
  title={Analysis of aircraft trajectories using fourier descriptors and kernel density estimation},
  author={Annoni, Ronald and Forster, Carlos HQ},
  booktitle={15th International {IEEE} Conference on Intelligent Transportation Systems},
  pages={1441--1446},
  year={2012}
}

@inproceedings{blacoe2012comparison,
  title={A comparison of vector-based representations for semantic composition},
  author={Blacoe, William and Lapata, Mirella},
  booktitle={Proceedings of the 2012 Joint Conference on Empirical Methods in Natural Language Processing and Computational Natural Language Learning},
  pages={546--556},
  year={2012},
}

@inproceedings{feng2017poi2vec,
  title={POI2Vec: Geographical Latent Representation for Predicting Future Visitors},
  author={Feng, Shanshan and Cong, Gao and An, Bo and Chee, Yeow Meng},
  booktitle={Proceedings of the 22nd {ACM} {SIGKDD} International Conference on Knowledge Discovery and Data Mining},
  pages={102--108},
  year={2017}
}
@inproceedings{feng2015personalized,
  title={Personalized Ranking Metric Embedding for Next New POI Recommendation},
  author={Feng, Shanshan and Li, Xutao and Zeng, Yifeng and Cong, Gao and Chee, Yeow Meng and Yuan, Quan},
  booktitle={Proceedings of the 24th International Joint Conference on Artificial Intelligence},
  pages={2069--2075},
  year={2015}
}
@inproceedings{yanardag2015deep,
  title={Deep graph kernels},
  author={Yanardag, Pinar and Vishwanathan, SVN},
  booktitle={Proceedings of the 21th ACM SIGKDD International Conference on Knowledge Discovery and Data Mining},
  pages={1365--1374},
  year={2015},
}
@inproceedings{grover2016node2vec,
  title={node2vec: Scalable feature learning for networks},
  author={Grover, Aditya and Leskovec, Jure},
  booktitle={Proceedings of the 22nd ACM SIGKDD International Conference on Knowledge Discovery and Data Mining},
  pages={855--864},
  year={2016},
}
@article{wieting2015towards,
  title={Towards universal paraphrastic sentence embeddings},
  author={Wieting, John and Bansal, Mohit and Gimpel, Kevin and Livescu, Karen},
  journal={arXiv preprint arXiv:1511.08198},
  year={2015}
}
@article{adi2016fine,
  title={Fine-grained analysis of sentence embeddings using auxiliary prediction tasks},
  author={Adi, Yossi and Kermany, Einat and Belinkov, Yonatan and Lavi, Ofer and Goldberg, Yoav},
  journal={arXiv preprint arXiv:1608.04207},
  year={2016}
}
@inproceedings{mikolov2013distributed,
  title={Distributed representations of words and phrases and their compositionality},
  author={Mikolov, Tomas and Sutskever, Ilya and Chen, Kai and Corrado, Greg S and Dean, Jeff},
  booktitle={Advances in Neural Information Processing Systems 26},
  pages={3111--3119},
  year={2013}
}
@article{mikolov2013efficient,
  title={Efficient estimation of word representations in vector space},
  author={Mikolov, Tomas and Chen, Kai and Corrado, Greg and Dean, Jeffrey},
  journal={arXiv preprint arXiv:1301.3781},
  year={2013} 
}
@inproceedings{Ying:2011:STM:2093973.2093980,
 author = {Ying, Josh Jia-Ching and Lee, Wang-Chien and Weng, Tz-Chiao and Tseng, Vincent S.},
 title = {Semantic Trajectory Mining for Location Prediction},
 booktitle = {Proceedings of the 19th ACM SIGSPATIAL International Conference on Advances in Geographic Information Systems},
 year = {2011},
 pages = {34--43},
} 
@article{Yan:2013:STM:2483669.2483682,
 author = {Yan, Zhixian and Chakraborty, Dipanjan and Parent, Christine and Spaccapietra, Stefano and Aberer, Karl},
 title = {Semantic Trajectories: Mobility Data Computation and Annotation},
 journal = {ACM Transactions on Intelligent Systems and Technology },
 volume = {4},
 number = {3},
 year = {2013},
 pages = {49:1--49:38},
} 

@techreport{eiter1994computing,
  title={Computing discrete Fr{\'e}chet distance},
  author={Eiter, Thomas and Mannila, Heikki},
  year={1994},
  institution={CD-TR 94/64, Information Systems Department, Technical University of Vienna}
}

@article{paterson1994longest,
  title={Longest common subsequences},
  author={Paterson, Mike and Dan{\v{c}}{\'\i}k, Vlado},
  journal={Mathematical Foundations of Computer Science 1994},
  pages={127--142},
  year={1994}
}
@inproceedings{chen2004marriage,
  title={On the marriage of lp-norms and edit distance},
  author={Chen, Lei and Ng, Raymond},
  booktitle={Proceedings of the 30th International Conference on Very Large Data Bases},
  pages={792--803},
  year={2004}
}

@inproceedings{berndt1994using,
  title={Using dynamic time warping to find patterns in time series.},
  author={Berndt, Donald J and Clifford, James},
  booktitle={Knowledge Discovery in Databases: Papers from the 1994 {AAAI} Workshop},
  volume={10},
  number={16},
  pages={359--370},
  year={1994},
}

@inproceedings{cho2011friendship,
  title={Friendship and mobility: user movement in location-based social networks},
  author={Cho, Eunjoon and Myers, Seth A and Leskovec, Jure},
  booktitle={Proceedings of the 17th ACM SIGKDD international conference on Knowledge Discovery and Data Mining},
  pages={1082--1090},
  year={2011}
}
@article{yuan2017review,
  title={A review of moving object trajectory clustering algorithms},
  author={Yuan, Guan and Sun, Penghui and Zhao, Jie and Li, Daxing and Wang, Canwei},
  journal={Artificial Intelligence Review},
  volume={47},
  number={1},
  pages={123--144},
  year={2017}
}

@inproceedings{phan2005flow,
  title={Flow map layout},
  author={Phan, Doantam and Xiao, Ling and Yeh, Ron and Hanrahan, Pat},
  booktitle={Information Visualization, 2005. INFOVIS 2005. IEEE Symposium on},
  pages={219--224},
  year={2005}
}


@article{gupta2014kuramoto,
  title={Kuramoto model of synchronization: equilibrium and nonequilibrium aspects},
  author={Gupta, Shamik and Campa, Alessandro and Ruffo, Stefano},
  journal={Journal of Statistical Mechanics: Theory and Experiment},
  volume={2014},
  number={8},
  pages={R08001},
  year={2014},
  publisher={IOP Publishing}
}

@article{friedman1977algorithm,
  title={An algorithm for finding best matches in logarithmic expected time},
  author={Friedman, Jerome H and Bentley, Jon Louis and Finkel, Raphael Ari},
  journal={ACM Transactions on Mathematical Software (TOMS)},
  volume={3},
  number={3},
  pages={209--226},
  year={1977},
  publisher={ACM}
}

@inproceedings{kuramoto75,
  title={Self-entrainment of a population of coupled non-linear oscillators},
  author={Kuramoto, Yoshiki},
  booktitle={International symposium on mathematical problems in theoretical physics},
  pages={420--422},
  year={1975}
}


@inproceedings{kuramoto1975self,
  title={Self-entrainment of a population of coupled non-linear oscillators},
  author={Kuramoto, Yoshiki},
  booktitle={International symposium on mathematical problems in theoretical physics},
  pages={420--422},
  year={1975}
}

@article{arenas2008synchronization,
  title={Synchronization in complex networks},
  author={Arenas, Alex and D{\'\i}az-Guilera, Albert and Kurths, Jurgen and Moreno, Yamir and Zhou, Changsong},
  journal={Physics reports},
  volume={469},
  number={3},
  pages={93--153},
  year={2008},
  publisher={Elsevier}
}

@article{acebron2005kuramoto,
  title={The Kuramoto model: A simple paradigm for synchronization phenomena},
  author={Acebr{\'o}n, Juan A and Bonilla, Luis L and Vicente, Conrad J P{\'e}rez and Ritort, F{\'e}lix and Spigler, Renato},
  journal={Reviews of modern physics},
  volume={77},
  number={1},
  pages={137},
  year={2005},
  publisher={APS}
}


@inproceedings{liu2016unified,
  title={Unified Point-of-Interest Recommendation with Temporal Interval Assessment},
  author={Liu, Yanchi and Liu, Chuanren and Liu, Bin and Qu, Meng and Xiong, Hui},
  booktitle={Proceedings of the 22nd ACM SIGKDD International Conference on Knowledge Discovery and Data Mining},
  pages={1015--1024},
  year={2016}
}
@inproceedings{wang2014travel,
  title={Travel time estimation of a path using sparse trajectories},
  author={Wang, Yilun and Zheng, Yu and Xue, Yexiang},
  booktitle={Proceedings of the 20th ACM SIGKDD international conference on Knowledge Discovery and Data Mining},
  pages={25--34},
  year={2014}
}

@inproceedings{wang2008flexible,
  title={A flexible spatio-temporal indexing scheme for large-scale GPS track retrieval},
  author={Wang, Longhao and Zheng, Yu and Xie, Xing and Ma, Wei-Ying},
  booktitle={9th International Conference on Mobile Data Management},
  pages={1--8},
  year={2008}
}
@inproceedings{pfoser2000novel,
  title={Novel approaches to the indexing of moving object trajectories.},
  author={Pfoser, Dieter and Jensen, Christian S and Theodoridis, Yannis and others},
  booktitle={VLDB},
  pages={395--406},
  year={2000}
}

@book{guttman1984r,
  title={R-trees: a dynamic index structure for spatial searching},
  author={Guttman, Antonin},
  volume={14},
  number={2},
  year={1984},
  publisher={ACM}
}


@inproceedings{wang2015regularity,
  title={Regularity and conformity: Location prediction using heterogeneous mobility data},
  author={Wang, Yingzi and Yuan, Nicholas Jing and Lian, Defu and Xu, Linli and Xie, Xing and Chen, Enhong and Rui, Yong},
  booktitle={Proceedings of the 21th ACM SIGKDD International Conference on Knowledge Discovery and Data Mining},
  pages={1275--1284},
  year={2015}
}
@inproceedings{zheng2015approximate,
  title={Approximate keyword search in semantic trajectory database},
  author={Zheng, Bolong and Yuan, Nicholas Jing and Zheng, Kai and Xie, Xing and Sadiq, Shazia and Zhou, Xiaofang},
  booktitle={Data Engineering (ICDE), 2015 IEEE 31st International Conference on},
  pages={975--986},
  year={2015}
}

@inproceedings{xue2013destination,
  title={Destination prediction by sub-trajectory synthesis and privacy protection against such prediction},
  author={Xue, Andy Yuan and Zhang, Rui and Zheng, Yu and Xie, Xing and Huang, Jin and Xu, Zhenghua},
  booktitle={Data Engineering (ICDE), 2013 IEEE 29th International Conference on},
  pages={254--265},
  year={2013}
}

@article{yuan2015discovering,
  title={Discovering urban functional zones using latent activity trajectories},
  author={Yuan, Nicholas Jing and Zheng, Yu and Xie, Xing and Wang, Yingzi and Zheng, Kai and Xiong, Hui},
  journal={IEEE Transactions on Knowledge and Data Engineering},
  volume={27},
  number={3},
  pages={712--725},
  year={2015}
}

@inproceedings{wang2014travel,
  title={Travel time estimation of a path using sparse trajectories},
  author={Wang, Yilun and Zheng, Yu and Xue, Yexiang},
  booktitle={Proceedings of the 20th ACM SIGKDD international conference on Knowledge discovery and data mining},
  pages={25--34},
  year={2014}
}

@inproceedings{shang2014inferring,
  title={Inferring gas consumption and pollution emission of vehicles throughout a city},
  author={Shang, Jingbo and Zheng, Yu and Tong, Wenzhu and Chang, Eric and Yu, Yong},
  booktitle={Proceedings of the 20th ACM SIGKDD international conference on Knowledge discovery and data mining},
  pages={1027--1036},
  year={2014}
}

@inproceedings{wei2012constructing,
  title={Constructing popular routes from uncertain trajectories},
  author={Wei, Ling-Yin and Zheng, Yu and Peng, Wen-Chih},
  booktitle={Proceedings of the 18th ACM SIGKDD international conference on Knowledge discovery and data mining},
  pages={195--203},
  year={2012}
}

@article{zhou2007discovering,
  title={Discovering personally meaningful places: An interactive clustering approach},
  author={Zhou, Changqing and Frankowski, Dan and Ludford, Pamela and Shekhar, Shashi and Terveen, Loren},
  journal={ACM Transactions on Information Systems (TOIS)},
  volume={25},
  number={3},
  pages={12},
  year={2007}
}
@inproceedings{ashbrook2002learning,
  title={Learning significant locations and predicting user movement with GPS},
  author={Ashbrook, Daniel and Starner, Thad},
  booktitle={Wearable Computers, 2002.(ISWC 2002). Proceedings. Sixth International Symposium on},
  pages={101--108},
  year={2002}
}
@article{ashbrook2003using,
  title={Using GPS to learn significant locations and predict movement across multiple users},
  author={Ashbrook, Daniel and Starner, Thad},
  journal={Personal and Ubiquitous computing},
  volume={7},
  number={5},
  pages={275--286},
  year={2003}
}

@inproceedings{chen2011discovering,
  title={Discovering popular routes from trajectories},
  author={Chen, Zaiben and Shen, Heng Tao and Zhou, Xiaofang},
  booktitle={Proceedings of the 27th International Conference on Data Engineering},
  pages={900--911},
  year={2011}
}
@article{jeung2008discovery,
  title={Discovery of convoys in trajectory databases},
  author={Jeung, Hoyoung and Yiu, Man Lung and Zhou, Xiaofang and Jensen, Christian S and Shen, Heng Tao},
  journal={Proceedings of the VLDB Endowment},
  volume={1},
  number={1},
  pages={1068--1080},
  year={2008}
}

@inproceedings{li2010mining,
  title={Mining periodic behaviors for moving objects},
  author={Li, Zhenhui and Ding, Bolin and Han, Jiawei and Kays, Roland and Nye, Peter},
  booktitle={Proceedings of the 16th ACM SIGKDD International Conference on Knowledge Discovery and Data Mining},
  pages={1099--1108},
  year={2010}
}

@article{xiao2014inferring,
  title={Inferring social ties between users with human location history},
  author={Xiao, Xiangye and Zheng, Yu and Luo, Qiong and Xie, Xing},
  journal={Journal of Ambient Intelligence and Humanized Computing},
  volume={5},
  number={1},
  pages={3--19},
  year={2014}
}

@inproceedings{ye2009mining,
  title={Mining individual life pattern based on location history},
  author={Ye, Yang and Zheng, Yu and Chen, Yukun and Feng, Jianhua and Xie, Xing},
  booktitle={Tenth International Conference on Mobile Data Management},
  pages={1--10},
  year={2009}
}

@article{zheng2011recommending,
  title={Recommending friends and locations based on individual location history},
  author={Zheng, Yu and Zhang, Lizhu and Ma, Zhengxin and Xie, Xing and Ma, Wei-Ying},
  journal={ACM Transactions on the Web},
  volume={5},
  number={1},
  pages={5},
  year={2011}
}

@inproceedings{li2010incremental,
  title={Incremental clustering for trajectories},
  author={Li, Zhenhui and Lee, Jae-Gil and Li, Xiaolei and Han, Jiawei},
  booktitle={International Conference on Database Systems for Advanced Applications},
  pages={32--46},
  year={2010}
}

@article{liao2007learning,
  title={Learning and inferring transportation routines},
  author={Liao, Lin and Patterson, Donald J and Fox, Dieter and Kautz, Henry},
  journal={Artificial Intelligence},
  volume={171},
  number={5-6},
  pages={311--331},
  year={2007}
}

@inproceedings{yin2004high,
  title={High-level goal recognition in a wireless LAN},
  author={Yin, Jie and Chai, Xiaoyong and Yang, Qiang},
  booktitle={Proceedings of the national Conference on Artificial Intelligence},
  pages={578--584},
  year={2004}
}

@inproceedings{patterson2003inferring,
  title={Inferring high-level behavior from low-level sensors},
  author={Patterson, Donald J and Liao, Lin and Fox, Dieter and Kautz, Henry},
  booktitle={International Conference on Ubiquitous Computing},
  pages={73--89},
  year={2003}
}

@article{adrienko2011spatial,
  title={Spatial generalization and aggregation of massive movement data},
  author={Adrienko, Natalia and Adrienko, Gennady},
  journal={IEEE Transactions on Visualization and Computer Graphics},
  volume={17},
  number={2},
  pages={205--219},
  year={2011}
}

@article{douglas1973algorithms,
  title={Algorithms for the reduction of the number of points required to represent a digitized line or its caricature},
  author={Douglas, David H and Peucker, Thomas K},
  journal={Cartographica: The International Journal for Geographic Information and Geovisualization},
  volume={10},
  number={2},
  pages={112--122},
  year={1973}
}

@article{bellman1961approximation,
  title={On the approximation of curves by line segments using dynamic programming},
  author={Bellman, Richard},
  journal={Communications of the ACM},
  volume={4},
  number={6},
  pages={284},
  year={1961}
}

@incollection{lee2011trajectory,
  title={Trajectory preprocessing},
  author={Lee, Wang-Chien and Krumm, John},
  booktitle={Computing with Spatial Trajectories},
  pages={3--33},
  year={2011}
}

@inproceedings{kellaris2009trajectory,
  title={Trajectory compression under network constraints},
  author={Kellaris, Georgios and Pelekis, Nikos and Theodoridis, Yannis},
  booktitle={International Symposium on Spatial and Temporal Databases},
  pages={392--398},
  year={2009}
}
@article{parent2013semantic,
  title={Semantic trajectories modeling and analysis},
  author={Parent, Christine and Spaccapietra, Stefano and Renso, Chiara and Andrienko, Gennady and Andrienko, Natalia and Bogorny, Vania and Damiani, Maria Luisa and Gkoulalas-Divanis, Aris and Macedo, Jose and Pelekis, Nikos and others},
  journal={ACM Computing Surveys},
  volume={45},
  number={4},
  pages={42},
  year={2013}
}

@article{song2014press,
  title={PRESS: A novel framework of trajectory compression in road networks},
  author={Song, Renchu and Sun, Weiwei and Zheng, Baihua and Zheng, Yu},
  journal={Proceedings of the VLDB Endowment},
  volume={7},
  number={9},
  pages={661--672},
  year={2014}
}

@inproceedings{zheng2008learning,
  title={Learning transportation mode from raw gps data for geographic applications on the web},
  author={Zheng, Yu and Liu, Like and Wang, Longhao and Xie, Xing},
  booktitle={Proceedings of the 17th International Conference on World Wide Web},
  pages={247--256},
  year={2008},
}

@inproceedings{alvares2009framework,
  title={A Framework for Trajectory Data Preprocessing for Data Mining.},
  author={Alvares, Luis Otavio and Oliveira, Gabriel and Heuser, Carlos A and Bogorny, Vania},
  booktitle={Proceedings of the 21st International Conference on Software Engineering {\&} Knowledge Engineering},
  pages={698--702},
  year={2009}
}

@article{spaccapietra2008conceptual,
  title={A conceptual view on trajectories},
  author={Spaccapietra, Stefano and Parent, Christine and Damiani, Maria Luisa and de Macedo, Jose Antonio and Porto, Fabio and Vangenot, Christelle},
  journal={Data \& Knowledge Engineering},
  volume={65},
  number={1},
  pages={126--146},
  year={2008},
  publisher={Elsevier}
}

@inproceedings{zheng2008understanding,
  title={Understanding mobility based on GPS data},
  author={Zheng, Yu and Li, Quannan and Chen, Yukun and Xie, Xing and Ma, Wei-Ying},
  booktitle={Proceedings of the 10th International Conference on Ubiquitous Computing},
  pages={312--321},
  year={2008},
}

@inproceedings{alvares2007model,
  title={A model for enriching trajectories with semantic geographical information},
  author={Alvares, Luis Otavio and Bogorny, Vania and Kuijpers, Bart and de Macedo, Jose Antonio Fernandes and Moelans, Bart and Vaisman, Alejandro},
  booktitle={15th {ACM} International Symposium on Geographic Information Systems},
  pages={22},
  year={2007}
}

@inproceedings{turian2010word,
  title={Word representations: a simple and general method for semi-supervised learning},
  author={Turian, Joseph and Ratinov, Lev and Bengio, Yoshua},
  booktitle={Proceedings of the 48th annual meeting of the association for computational linguistics},
  pages={384--394},
  year={2010},
  organization={Association for Computational Linguistics}
}

@inproceedings{palma2008clustering,
  title={A clustering-based approach for discovering interesting places in trajectories},
  author={Palma, Andrey Tietbohl and Bogorny, Vania and Kuijpers, Bart and Alvares, Luis Otavio},
  booktitle={Proceedings of the 2008 ACM Symposium on Applied Computing},
  pages={863--868},
  year={2008},
  organization={ACM}
}

@article{hu2017if,
  title={IF-Matching: Towards Accurate Map-Matching with Information Fusion},
  author={Hu, Gang and Shao, Jie and Liu, Fenglin and Wang, Yuan and Shen, Heng Tao},
  journal={IEEE Transactions on Knowledge and Data Engineering},
  volume={29},
  number={1},
  pages={114--127},
  year={2017},
  publisher={IEEE}
}
@article{zheng2011learning,
  title={Learning travel recommendations from user-generated GPS traces},
  author={Zheng, Yu and Xie, Xing},
  journal={ACM Transactions on Intelligent Systems and Technology},
  volume={2},
  number={1},
  pages={2},
  year={2011},
  publisher={ACM}
}

@inproceedings{li2008mining,
  title={Mining user similarity based on location history},
  author={Li, Quannan and Zheng, Yu and Xie, Xing and Chen, Yukun and Liu, Wenyu and Ma, Wei-Ying},
  booktitle={Proceedings of the 16th ACM SIGSPATIAL International Symposium on Advances in Geographic Information Systems},
  pages={34},
  year={2008},
}

@article{yuan2013t,
  title={T-finder: A recommender system for finding passengers and vacant taxis},
  author={Yuan, Nicholas Jing and Zheng, Yu and Zhang, Liuhang and Xie, Xing},
  journal={IEEE Transactions on Knowledge and Data Engineering},
  volume={25},
  number={10},
  pages={2390--2403},
  year={2013},
  publisher={IEEE}
}



@article{zheng2015trajectory,
  title={Trajectory data mining: an overview},
  author={Zheng, Yu},
  journal={ACM Transactions on Intelligent Systems and Technology},
  volume={6},
  number={3},
  pages={29},
  year={2015},
  publisher={ACM}
}

DTW, not cited 
@article{agrawal1993efficient,
  title={Efficient similarity search in sequence databases},
  author={Agrawal, Rakesh and Faloutsos, Christos and Swami, Arun},
  journal={Foundations of data organization and algorithms},
  pages={69--84},
  year={1993},
  publisher={Springer}
}

DTW, not cited 
@article{sankoff1983time,
  title={Time warps, string edits, and macromolecules: the theory and practice of sequence comparison},
  author={Sankoff, David and Kruskal, Joseph B},
  journal={Reading: Addison-Wesley Publication, 1983, edited by Sankoff, David; Kruskal, Joseph B.},
  volume={1},
  year={1983}
}

@inproceedings{giannotti2007trajectory,
  title={Trajectory pattern mining},
  author={Giannotti, Fosca and Nanni, Mirco and Pinelli, Fabio and Pedreschi, Dino},
  booktitle={Proceedings of the 13th ACM SIGKDD international conference on Knowledge discovery and data mining},
  pages={330--339},
  year={2007},
  organization={ACM}
}


@inproceedings{chen2005robust,
  title={Robust and fast similarity search for moving object trajectories},
  author={Chen, Lei and {\"O}zsu, M Tamer and Oria, Vincent},
  booktitle={Proceedings of the 2005 ACM SIGMOD international conference on Management of data},
  pages={491--502},
  year={2005},
  organization={ACM}
}

@inproceedings{lee2007trajectory,
  title={Trajectory clustering: a partition-and-group framework},
  author={Lee, Jae-Gil and Han, Jiawei and Whang, Kyu-Young},
  booktitle={Proceedings of the 2007 {ACM} {SIGMOD} International Conference on Management of Data},
  pages={593--604},
  year={2007},
}


@article{mazimpaka2016trajectory,
  title={Trajectory data mining: A review of methods and applications},
  author={Mazimpaka, Jean Damasc{\`e}ne and Timpf, Sabine},
  journal={Journal of Spatial Information Science},
  volume={2016},
  number={13},
  pages={61--99},
  year={2016}
}

@inproceedings{bohm2010clustering,
  title={Clustering by synchronization},
  author={B{\"o}hm, Christian and Plant, Claudia and Shao, Junming and Yang, Qinli},
  booktitle={Proceedings of the 16th {ACM} {SIGKDD} International Conference on Knowledge Discovery and Data Mining},
  pages={583--592},
  year={2010},
}


@inproceedings{shao2014prototype,
  title={Prototype-based learning on concept-drifting data streams},
  author={Shao, Junming and Ahmadi, Zahra and Kramer, Stefan},
  booktitle={Proceedings of the 20th ACM SIGKDD International Conference on Knowledge Discovery and Data Mining},
  pages={412--421},
  year={2014},
}

@article{shao2016scalable,
  title={Scalable clustering by iterative partitioning and point attractor representation},
  author={Shao, Junming and Yang, Qinli and Dang, Hoang-Vu and Schmidt, Bertil and Kramer, Stefan},
  journal={ACM Transactions on Knowledge Discovery from Data},
  volume={11},
  number={1},
  pages={5},
  year={2016},
  publisher={ACM}
}

@inproceedings{maurus2016skinny,
  title={Skinny-dip: Clustering in a Sea of Noise},
  author={Maurus, Samuel and Plant, Claudia},
  booktitle={Proceedings of the 22nd ACM SIGKDD International Conference on Knowledge Discovery and Data Mining},
  pages={1055--1064},
  year={2016},
}

@inproceedings{shao2015community,
  title={Community detection based on distance dynamics},
  author={Shao, Junming and Han, Zhichao and Yang, Qinli and Zhou, Tao},
  booktitle={Proceedings of the 21th ACM SIGKDD International Conference on Knowledge Discovery and Data Mining},
  pages={1075--1084},
  year={2015},
}
==========================DMKD==============================
@article{shokoohi2017generalizing,
  title={Generalizing DTW to the multi-dimensional case requires an adaptive approach},
  author={Shokoohi-Yekta, Mohammad and Hu, Bing and Jin, Hongxia and Wang, Jun and Keogh, Eamonn},
  journal={Data mining and knowledge discovery},
  volume={31},
  number={1},
  pages={1--31},
  year={2017},
  publisher={Springer}
}

@article{anagnostopoulos2017tour,
  title={Tour recommendation for groups},
  author={Anagnostopoulos, Aris and Atassi, Reem and Becchetti, Luca and Fazzone, Adriano and Silvestri, Fabrizio},
  journal={Data Mining and Knowledge Discovery},
  volume={31},
  number={5},
  pages={1157--1188},
  year={2017},
  publisher={Springer}
}

@article{pelekis2017temporal,
  title={On temporal-constrained sub-trajectory cluster analysis},
  author={Pelekis, Nikos and Tampakis, Panagiotis and Vodas, Marios and Doulkeridis, Christos and Theodoridis, Yannis},
  journal={Data Mining and Knowledge Discovery},
  volume={31},
  number={5},
  pages={1294--1330},
  year={2017},
  publisher={Springer}
}

@inproceedings{song2014press,
  title={PRESS: A Novel Framework of Trajectory Compression in Road Networks},
  author={Song, Renchu and Sun, Weiwei and Zheng, Baihua and Zheng, Yu},
  booktitle={VLDB'14},
  year={2014}
}
@inproceedings{gao2017identifying,
  title={Identifying human mobility via trajectory embeddings},
  author={Gao, Qiang and Zhou, Fan and Zhang, Kunpeng and Trajcevski, Goce and Luo, Xucheng and Zhang, Fengli},
  booktitle={Proceedings of the 26th International Joint Conference on Artificial Intelligence},
  pages={1689--1695},
  year={2017},
  organization={AAAI Press}
}


@inproceedings{TBTree,
 author = {Li, Xiaolei and Han, Jiawei and Lee, Jae-Gil and Gonzalez, Hector},
 title = {Traffic Density-based Discovery of Hot Routes in Road Networks},
 booktitle = {SSTD'07},
 series = {SSTD'07},
 year = {2007},
 isbn = {978-3-540-73539-7},
 location = {Boston, MA, USA},
 pages = {441--459},
 numpages = {19},
 url = {http://dl.acm.org/citation.cfm?id=1784462.1784487},
 acmid = {1784487},
 publisher = {Springer-Verlag},
 address = {Berlin, Heidelberg},
 }


@inproceedings{yuan2011driving,
  title={Driving with knowledge from the physical world},
  author={Yuan, Jing and Zheng, Yu and Xie, Xing and Sun, Guangzhong},
  booktitle={Proceedings of the 17th ACM SIGKDD international conference on knowledge discovery and data mining},
  pages={316--324},
  year={2011},
  organization={ACM}
}


 @article{zheng2010geolife,
  title={Geolife: A collaborative social networking service among user, location and trajectory.},
  author={Zheng, Yu and Xie, Xing and Ma, Wei-Ying},
  journal={IEEE Data Eng. Bull.},
  volume={33},
  number={2},
  pages={32--39},
  year={2010},
  publisher={Citeseer}
}

@inproceedings{BohmKDD,
 author = {B\"{o}hm, Christian and Plant, Claudia and Shao, Junming and Yang, Qinli},
 title = {Clustering by Synchronization},
 booktitle = {KDD'10},
 series = {KDD '10},
 year = {2010},
 isbn = {978-1-4503-0055-1},
 location = {Washington, DC, USA},
 pages = {583--592},
 numpages = {10},
 url = {http://doi.acm.org/10.1145/1835804.1835879},
 doi = {10.1145/1835804.1835879},
 acmid = {1835879},
 publisher = {ACM},
 address = {New York, NY, USA},
 keywords = {clustering, kuramoto model, synchronization},
} 

@inproceedings{DTW,
  title={Efficient Retrieval of Similar Time Sequences Under Time Warping},
  author={Yi, Byoung-Kee and Jagadish, HV and Faloutsos, Christos},
  booktitle={ICDE'98},
  year={1998}
}
@inproceedings{LCSS,
  title={Discovering Similar Multidimensional Trajectories},
  author={Vlachos, Michail and Kollios, George and Gunopulos, Dimitrios},
  booktitle={ICDE'02},
  year={2002}
}

@inproceedings{EDR,
  title={Robust and Fast Similarity Search for Moving Object Trajectories},
  author={Chen, Lei and {\"O}zsu, M Tamer and Oria, Vincent},
  booktitle={SIGMOD'05},
  year={2005},
}

@techreport{Frechet,
  title={Computing Discrete Fr{\'e}chet Distance},
  author={Eiter, Thomas and Mannila, Heikki},
  year={1994},
}




@inproceedings{chakka2003indexing,
  title={Indexing Large Trajectory Data Sets with SETI},
  author={Chakka, V Prasad and Everspaugh, Adam C and Patel, Jignesh M},
  booktitle={CIDR'03},
  year={2003}
}

@inproceedings{nascimento1998towards,
  title={Towards Historical R-Trees},
  author={Nascimento, Mario A and Silva, Jefferson RO},
  booktitle={SAC'98},
  year={1998},
}

@inproceedings{shao2017Cosync,
  title={Synchronization-Inspired Co-clustering and Its Application to Gene Expression Data},
  author={Shao, Junming and Gao, Chongming and Zeng, Wei and Song, Jingkuan and Yang, Qinli},
  booktitle={ICDM'17},
  year={2017}
}

@phdthesis{shao2011synchronization,
  title={Synchronization Inspired Data Mining},
  author={Shao, Junming},
  year={2011},
  school={lmu}
}

@inproceedings{shao2017synchronization,
  title={Synchronization-based scalable subspace clustering of high-dimensional data},
  author={Shao, Junming and Wang, Xinzuo and Yang, Qinli and Plant, Claudia and B{\"o}hm, Christian},
  booktitle={Knowledge and Information Systems},
  year={2017},
}

@Inbook{Shao2010,
author="Shao, Junming
and B{\"o}hm, Christian
and Yang, Qinli
and Plant, Claudia",
editor="Balc{\'a}zar, Jos{\'e} Luis
and Bonchi, Francesco
and Gionis, Aristides
and Sebag, Mich{\`e}le",
chapter="Synchronization Based Outlier Detection",
title="Machine Learning and Knowledge Discovery in Databases: European Conference, ECML PKDD 2010, Barcelona, Spain, September 20-24, 2010, Proceedings, Part III",
year="2010",
address="Berlin, Heidelberg",
pages="245--260",
isbn="978-3-642-15939-8",
doi="10.1007/978-3-642-15939-8_16",
url="http://dx.doi.org/10.1007/978-3-642-15939-8_16"
}


@inproceedings{shao2017robust,
  title={Robust Prototype-based Learning on Data Streams},
  author={Shao, Junming and Huang, Feng and Yang, Qinli and Luo, Guangchun},
  booktitle={IEEE Transactions on Knowledge and Data Engineering},
  year={2017},
}

@inproceedings{bogorny2009st,
  title={ST-DMQL: A Semantic Trajectory Data Mining Query Language},
  author={Bogorny, Vania and Kuijpers, Bart and Alvares, Luis Otavio},
  booktitle={International Journal of Geographical Information Science},
  year={2009},
}

@inproceedings{alvares2007towards,
  title={Towards Semantic Trajectory Knowledge Discovery},
  author={Alvares, Luis Otavio and Bogorny, Vania and Kuijpers, Bart and Moelans, Bart and Fern, Jose Antonio and Macedo, ED and Palma, Andrey Tietbohl},
  booktitle={DMKD'07},
  year={2007}
}

@inproceedings{tai2015improved,
  title={Improved Semantic Representations from Tree-structured Long Short-term Memory Networks},
  author={Tai, Kai Sheng and Socher, Richard and Manning, Christopher D},
  booktitle={ACL'15},
  year={2015}
}
@inproceedings{kalchbrenner2014convolutional,
  title={A Convolutional Neural Network for Modelling Sentences},
  author={Kalchbrenner, Nal and Grefenstette, Edward and Blunsom, Phil},
  booktitle={arXiv preprint arXiv:1404.2188},
  year={2014}
}
@inproceedings{socher2011dynamic,
  title={Dynamic Pooling and Unfolding Recursive Autoencoders for Paraphrase Detection},
  author={Socher, Richard and Huang, Eric H and Pennin, Jeffrey and Manning, Christopher D and Ng, Andrew Y},
  booktitle={NIPS'11},
  year={2011}
}
@inproceedings{le2014distributed,
  title={Distributed representations of sentences and documents},
  author={Le, Quoc and Mikolov, Tomas},
  booktitle={Proceedings of the 31st International Conference on Machine Learning (ICML-14)},
  year={2014}
}

@inproceedings{iyyer2015deep,
  title={Deep Unordered Composition Rivals Syntactic Methods for Text Classification},
  author={Iyyer, Mohit and Manjunatha, Varun and Boyd-Graber, Jordan and Daum{\'e} III, Hal},
  booktitle={ACL-IJCNLP'15},
  year={2015}
}

@inproceedings{mitchell2010composition,
  title={Composition in Distributional Models of Semantics},
  author={Mitchell, Jeff and Lapata, Mirella},
  booktitle={Cognitive Science},
  year={2010},
}

@inproceedings{collobert2011natural,
  title={Natural Language Processing (Almost) from Scratch},
  author={Collobert, Ronan and Weston, Jason and Bottou, L{\'e}on and Karlen, Michael and Kavukcuoglu, Koray and Kuksa, Pavel},
  booktitle={JMLR'11},
  year={2011}
}

@inproceedings{bengio2003neural,
  title={A Neural Probabilistic Language Model},
  author={Bengio, Yoshua and Ducharme, R{\'e}jean and Vincent, Pascal and Jauvin, Christian},
  booktitle={JMLR'03},
  year={2003}
}


@inproceedings{pennington2014glove,
  title={Glove: Global Vectors for Word Representation},
  author={Pennington, Jeffrey and Socher, Richard and Manning, Christopher},
  booktitle={EMNLP'14},
  year={2014}
}

@inproceedings{wieting2015towards,
  title={Towards Universal Paraphrastic Sentence Embeddings},
  author={Wieting, John and Bansal, Mohit and Gimpel, Kevin and Livescu, Karen},
  booktitle={ICLR'16},
  year={2016}
}

@inproceedings{arora2016simple,
  title={A Simple but Tough-to-beat Baseline for Sentence Embeddings},
  author={Arora, Sanjeev and Liang, Yingyu and Ma, Tengyu},
  booktitle={ICLR'17},
  year={2017}
}

@inproceedings{kavraki1996probabilistic,
  title={Probabilistic Roadmaps for Path Planning in High-dimensional Configuration Spaces},
  author={Kavraki, Lydia E and Svestka, Petr and Latombe, J-C and Overmars, Mark H},
  booktitle={IEEE Transactions on Robotics and Automation},
  year={1996},
}

@inproceedings{paefgen2011gps,
  title={GPS trajectory feature extraction for driver risk profiling},
  author={Paefgen, Johannes and Michahelles, Florian and Staake, Thorsten},
  booktitle={Proceedings of the 2011 International workshop on Trajectory data mining and analysis},
  year={2011}
}


@inproceedings{jiang2016route,
  title={Route planning for locations based on trajectory segments},
  author={Jiang, Jinsheng and Xu, Chong and Xu, Jian and Xu, Ming and Zheng, Ning and Kong, Kaiwei},
  booktitle={Proceedings of the 2nd ACM SIGSPATIAL Workshop on Smart Cities and Urban Analytics},
  year={2016}
}

@inproceedings{seliger2002plasticity,
  title={Plasticity and Learning in a Network of Coupled Phase Oscillators},
  author={Seliger, Philip and Young, Stephen C and Tsimring, Lev S},
  booktitle={Physical Review E},
  year={2002},
}

@inproceedings{DBLP:journals/tkde/ShaoHBYP13,
  author    = {Junming Shao and
               Xiao He and
               Christian B{\"{o}}hm and
               Qinli Yang and
               Claudia Plant},
  title     = {Synchronization-Inspired Partitioning and Hierarchical Clustering},
  journal   = {TKDE'13},
  year      = {2013},
}

@inproceedings{aeyels2008mathematical,
  title={A mathematical model for the dynamics of clustering},
  author={Aeyels, Dirk and De Smet, Filip},
  booktitle={Physica D: Nonlinear Phenomena},
  year={2008}
}

@inproceedings{DBLP:journals/bmcbi/KimBT08,
  author    = {Chang Sik Kim and
               Cheol Soo Bae and
               Hong Joon Tcha},
  title     = {A phase synchronization clustering algorithm for identifying interesting
               groups of genes from cell cycle expression data},
  journal   = {{BMC} Bioinformatics},
  year      = {2008},
}

@inproceedings{ando2015ensemble,
  title={Ensemble anomaly detection from multi-resolution trajectory features},
  author={Ando, Shin and Thanomphongphan, Theerasak and Seki, Yoichi and Suzuki, Einoshin},
  booktitle={Data Mining and Knowledge Discovery},
  year={2015}
}

@inproceedings{ardakani2017encoding,
  title={Encoding Bird's Trajectory Using Recurrent Neural Networks},
  author={Ardakani, Ilya S and Hashimoto, Koichi},
  booktitle={ICMA'17},
  year={2017}
}

@inproceedings{gariel2011trajectory,
  title={Trajectory Clustering and An Application to Airspace Monitoring},
  author={Gariel, Maxime and Srivastava, Ashok N and Feron, Eric},
  booktitle={Transactions on Intelligent Transportation Systems},
  year={2011}
}

@inproceedings{eckstein2009automated,
  title={Automated flight track taxonomy for measuring benefits from performance based navigation},
  author={Eckstein, Adric},
  booktitle={Integrated Communications, Navigation and Surveillance Conference, 2009. ICNS'09.},
  year={2009}
}

@inproceedings{naftel2006motion,
  title={Motion trajectory learning in the DFT-coefficient feature space},
  author={Naftel, Andrew and Khalid, Shehzad},
  booktitle={International Conference on Computer Vision Systems},
  year={2006},
}

@inproceedings{annoni2012analysis,
  title={Analysis of Aircraft Trajectories using Fourier Descriptors and Kernel Density Estimation},
  author={Annoni, Ronald and Forster, Carlos HQ},
  booktitle={ITSC'12},
  year={2012}
}

@inproceedings{blacoe2012comparison,
  title={A Comparison of Vector-Vased Representations for Semantic Composition},
  author={Blacoe, William and Lapata, Mirella},
  booktitle={EMNLP'12},
  year={2012},
}

@inproceedings{feng2017poi2vec,
  title={POI2Vec: Geographical Latent Representation for Predicting Future Visitors},
  author={Feng, Shanshan and Cong, Gao and An, Bo and Chee, Yeow Meng},
  booktitle={Proceedings of the 22nd {ACM} {SIGKDD} International Conference on Knowledge Discovery and Data Mining},
  year={2017}
}
@inproceedings{feng2015personalized,
  title={Personalized Ranking Metric Embedding for Next New POI Recommendation},
  author={Feng, Shanshan and Li, Xutao and Zeng, Yifeng and Cong, Gao and Chee, Yeow Meng and Yuan, Quan},
  booktitle={Proceedings of the 24th International Joint Conference on Artificial Intelligence},
  year={2015}
}
@inproceedings{yanardag2015deep,
  title={Deep graph kernels},
  author={Yanardag, Pinar and Vishwanathan, SVN},
  booktitle={Proceedings of the 21th ACM SIGKDD International Conference on Knowledge Discovery and Data Mining},
  year={2015},
}
@inproceedings{grover2016node2vec,
  title={node2vec: Scalable feature learning for networks},
  author={Grover, Aditya and Leskovec, Jure},
  booktitle={Proceedings of the 22nd ACM SIGKDD International Conference on Knowledge Discovery and Data Mining},
  year={2016},
}
@inproceedings{wieting2015towards,
  title={Towards universal paraphrastic sentence embeddings},
  author={Wieting, John and Bansal, Mohit and Gimpel, Kevin and Livescu, Karen},
  booktitle={arXiv preprint arXiv:1511.08198},
  year={2015}
}
@inproceedings{adi2016fine,
  title={Fine-grained analysis of sentence embeddings using auxiliary prediction tasks},
  author={Adi, Yossi and Kermany, Einat and Belinkov, Yonatan and Lavi, Ofer and Goldberg, Yoav},
  booktitle={arXiv preprint arXiv:1608.04207},
  year={2016}
}
@inproceedings{mikolov2013distributed,
  title={Distributed Representations of Words and Phrases and Their Compositionality},
  author={Mikolov, Tomas and Sutskever, Ilya and Chen, Kai and Corrado, Greg S and Dean, Jeff},
  booktitle={NIPS'13},
  year={2013}
}
@inproceedings{mikolov2013efficient,
  title={Efficient estimation of word representations in vector space},
  author={Mikolov, Tomas and Chen, Kai and Corrado, Greg and Dean, Jeffrey},
  booktitle={arXiv preprint arXiv:1301.3781},
  year={2013}
}
@inproceedings{Ying:2011:STM:2093973.2093980,
 author = {Ying, Josh Jia-Ching and Lee, Wang-Chien and Weng, Tz-Chiao and Tseng, Vincent S.},
 title = {Semantic Trajectory Mining for Location Prediction},
 booktitle = {Proceedings of the 19th ACM SIGSPATIAL International Conference on Advances in Geographic Information Systems},
 year = {2011},
 pages = {34--43},
} 
@inproceedings{Yan:2013:STM:2483669.2483682,
 author = {Yan, Zhixian and Chakraborty, Dipanjan and Parent, Christine and Spaccapietra, Stefano and Aberer, Karl},
 title = {Semantic Trajectories: Mobility Data Computation and Annotation},
 journal = {ACM Transactions on Intelligent Systems and Technology },
 number = {3},
 year = {2013},
 pages = {49:1--49:38},
} 

@techreport{eiter1994computing,
  title={Computing Discrete Fr{\'e}chet Distance},
  author={Eiter, Thomas and Mannila, Heikki},
  year={1994},
  institution={CD-TR 94/64, Information Systems Department, Technical University of Vienna}
}

@inproceedings{paterson1994longest,
  title={Longest common subsequences},
  author={Paterson, Mike and Dan{\v{c}}{\'\i}k, Vlado},
  booktitle={Mathematical Foundations of Computer Science 1994},
  year={1994}
}
@inproceedings{chen2004marriage,
  title={On the marriage of lp-norms and edit distance},
  author={Chen, Lei and Ng, Raymond},
  booktitle={Proceedings of the 30th International Conference on Very Large Data Bases},
  year={2004}
}

@inproceedings{berndt1994using,
  title={Using dynamic time warping to find patterns in time series.},
  author={Berndt, Donald J and Clifford, James},
  booktitle={Knowledge Discovery in Databases: Papers from the 1994 {AAAI} Workshop},
  year={1994},
}

@inproceedings{cho2011friendship,
  title={Friendship and mobility: user movement in location-based social networks},
  author={Cho, Eunjoon and Myers, Seth A and Leskovec, Jure},
  booktitle={Proceedings of the 17th ACM SIGKDD international conference on Knowledge Discovery and Data Mining},
  year={2011}
}
@inproceedings{yuan2017review,
  title={A review of moving object trajectory clustering algorithms},
  author={Yuan, Guan and Sun, Penghui and Zhao, Jie and Li, Daxing and Wang, Canwei},
  booktitle={Artificial Intelligence Review},
  year={2017}
}

@inproceedings{phan2005flow,
  title={Flow map layout},
  author={Phan, Doantam and Xiao, Ling and Yeh, Ron and Hanrahan, Pat},
  booktitle={Information Visualization, 2005. INFOVIS 2005. IEEE Symposium on},
  year={2005}
}

@inproceedings{yuan2010t,
  title={T-drive: driving directions based on taxi trajectories},
  author={Yuan, Jing and Zheng, Yu and Zhang, Chengyang and Xie, Wenlei and Xie, Xing and Sun, Guangzhong and Huang, Yan},
  booktitle={Proceedings of the 18th SIGSPATIAL International conference on advances in geographic information systems},
  year={2010}
}

@inproceedings{gupta2014kuramoto,
  title={Kuramoto model of synchronization: equilibrium and nonequilibrium aspects},
  author={Gupta, Shamik and Campa, Alessandro and Ruffo, Stefano},
  booktitle={Journal of Statistical Mechanics: Theory and Experiment},
  year={2014},
}

@inproceedings{friedman1977algorithm,
  title={An algorithm for finding best matches in logarithmic expected time},
  author={Friedman, Jerome H and Bentley, Jon Louis and Finkel, Raphael Ari},
  booktitle={ACM Transactions on Mathematical Software (TOMS)},
  year={1977},
}
@inproceedings{kuramoto1975self,
  title={Self-entrainment of a population of coupled non-linear oscillators},
  author={Kuramoto, Yoshiki},
  booktitle={International symposium on mathematical problems in theoretical physics},
  year={1975}
}

@inproceedings{arenas2008synchronization,
  title={Synchronization in complex networks},
  author={Arenas, Alex and D{\'\i}az-Guilera, Albert and Kurths, Jurgen and Moreno, Yamir and Zhou, Changsong},
  booktitle={Physics reports},
  year={2008},
}

@inproceedings{acebron2005kuramoto,
  title={The Kuramoto model: A simple paradigm for synchronization phenomena},
  author={Acebr{\'o}n, Juan A and Bonilla, Luis L and Vicente, Conrad J P{\'e}rez and Ritort, F{\'e}lix and Spigler, Renato},
  booktitle={Reviews of modern physics},
  year={2005},
}

@inproceedings{zheng2009mining,
  title={Mining Interesting Locations and Travel Sequences From GPS Trajectories},
  author={Zheng, Yu and Zhang, Lizhu and Xie, Xing and Ma, Wei-Ying},
  booktitle={WWW'09},
  year={2009}
}

@inproceedings{liu2016unified,
  title={Unified Point-of-Interest Recommendation with Temporal Interval Assessment},
  author={Liu, Yanchi and Liu, Chuanren and Liu, Bin and Qu, Meng and Xiong, Hui},
  booktitle={Proceedings of the 22nd ACM SIGKDD International Conference on Knowledge Discovery and Data Mining},
  year={2016}
}
@inproceedings{wang2014travel,
  title={Travel time estimation of a path using sparse trajectories},
  author={Wang, Yilun and Zheng, Yu and Xue, Yexiang},
  booktitle={Proceedings of the 20th ACM SIGKDD international conference on Knowledge Discovery and Data Mining},
  year={2014}
}

@inproceedings{wang2008flexible,
  title={A flexible spatio-temporal indexing scheme for large-scale GPS track retrieval},
  author={Wang, Longhao and Zheng, Yu and Xie, Xing and Ma, Wei-Ying},
  booktitle={9th International Conference on Mobile Data Management},
  year={2008}
}
@inproceedings{pfoser2000novel,
  title={Novel Approaches to The Indexing of Moving Object Trajectories.},
  author={Pfoser, Dieter and Jensen, Christian S and Theodoridis, Yannis and others},
  booktitle={VLDB'00},
  year={2000}
}

@book{guttman1984r,
  title={R-trees: a dynamic index structure for spatial searching},
  author={Guttman, Antonin},
  year={1984},
}


@inproceedings{wang2015regularity,
  title={Regularity and conformity: Location prediction using heterogeneous mobility data},
  author={Wang, Yingzi and Yuan, Nicholas Jing and Lian, Defu and Xu, Linli and Xie, Xing and Chen, Enhong and Rui, Yong},
  booktitle={Proceedings of the 21th ACM SIGKDD International Conference on Knowledge Discovery and Data Mining},
  year={2015}
}
@inproceedings{zheng2015approximate,
  title={Approximate keyword search in semantic trajectory database},
  author={Zheng, Bolong and Yuan, Nicholas Jing and Zheng, Kai and Xie, Xing and Sadiq, Shazia and Zhou, Xiaofang},
  booktitle={Data Engineering (ICDE), 2015 IEEE 31st International Conference on},
  year={2015}
}

@inproceedings{xue2013destination,
  title={Destination prediction by sub-trajectory synthesis and privacy protection against such prediction},
  author={Xue, Andy Yuan and Zhang, Rui and Zheng, Yu and Xie, Xing and Huang, Jin and Xu, Zhenghua},
  booktitle={Data Engineering (ICDE), 2013 IEEE 29th International Conference on},
  year={2013}
}

@inproceedings{yuan2015discovering,
  title={Discovering urban functional zones using latent activity trajectories},
  author={Yuan, Nicholas Jing and Zheng, Yu and Xie, Xing and Wang, Yingzi and Zheng, Kai and Xiong, Hui},
  booktitle={IEEE Transactions on Knowledge and Data Engineering},
  year={2015}
}

@inproceedings{wang2014travel,
  title={Travel time estimation of a path using sparse trajectories},
  author={Wang, Yilun and Zheng, Yu and Xue, Yexiang},
  booktitle={Proceedings of the 20th ACM SIGKDD international conference on Knowledge discovery and data mining},
  year={2014}
}

@inproceedings{shang2014inferring,
  title={Inferring gas consumption and pollution emission of vehicles throughout a city},
  author={Shang, Jingbo and Zheng, Yu and Tong, Wenzhu and Chang, Eric and Yu, Yong},
  booktitle={Proceedings of the 20th ACM SIGKDD international conference on Knowledge discovery and data mining},
  year={2014}
}

@inproceedings{wei2012constructing,
  title={Constructing popular routes from uncertain trajectories},
  author={Wei, Ling-Yin and Zheng, Yu and Peng, Wen-Chih},
  booktitle={Proceedings of the 18th ACM SIGKDD international conference on Knowledge discovery and data mining},
  year={2012}
}

@inproceedings{zhou2007discovering,
  title={Discovering personally meaningful places: An interactive clustering approach},
  author={Zhou, Changqing and Frankowski, Dan and Ludford, Pamela and Shekhar, Shashi and Terveen, Loren},
  booktitle={ACM Transactions on Information Systems (TOIS)},
  year={2007}
}
@inproceedings{ashbrook2002learning,
  title={Learning significant locations and predicting user movement with GPS},
  author={Ashbrook, Daniel and Starner, Thad},
  booktitle={Wearable Computers, 2002.(ISWC 2002). Proceedings. Sixth International Symposium on},
  year={2002}
}
@inproceedings{ashbrook2003using,
  title={Using GPS to learn significant locations and predict movement across multiple users},
  author={Ashbrook, Daniel and Starner, Thad},
  booktitle={Personal and Ubiquitous computing},
  year={2003}
}

@inproceedings{chen2011discovering,
  title={Discovering popular routes from trajectories},
  author={Chen, Zaiben and Shen, Heng Tao and Zhou, Xiaofang},
  booktitle={Proceedings of the 27th International Conference on Data Engineering},
  year={2011}
}
@inproceedings{jeung2008discovery,
  title={Discovery of convoys in trajectory databases},
  author={Jeung, Hoyoung and Yiu, Man Lung and Zhou, Xiaofang and Jensen, Christian S and Shen, Heng Tao},
  booktitle={Proceedings of the VLDB Endowment},
  year={2008}
}

@inproceedings{li2010mining,
  title={Mining Periodic Behaviors for Moving Objects},
  author={Li, Zhenhui and Ding, Bolin and Han, Jiawei and Kays, Roland and Nye, Peter},
  booktitle={SIGKDD'10},
  year={2010}
}

@inproceedings{xiao2014inferring,
  title={Inferring social ties between users with human location history},
  author={Xiao, Xiangye and Zheng, Yu and Luo, Qiong and Xie, Xing},
  booktitle={Journal of Ambient Intelligence and Humanized Computing},
  year={2014}
}

@inproceedings{ye2009mining,
  title={Mining individual life pattern based on location history},
  author={Ye, Yang and Zheng, Yu and Chen, Yukun and Feng, Jianhua and Xie, Xing},
  booktitle={Tenth International Conference on Mobile Data Management},
  year={2009}
}

@inproceedings{zheng2011recommending,
  title={Recommending friends and locations based on individual location history},
  author={Zheng, Yu and Zhang, Lizhu and Ma, Zhengxin and Xie, Xing and Ma, Wei-Ying},
  booktitle={ACM Transactions on the Web},
  year={2011}
}

@inproceedings{li2010incremental,
  title={Incremental clustering for trajectories},
  author={Li, Zhenhui and Lee, Jae-Gil and Li, Xiaolei and Han, Jiawei},
  booktitle={International Conference on Database Systems for Advanced Applications},
  year={2010}
}

@inproceedings{liao2007learning,
  title={Learning and inferring transportation routines},
  author={Liao, Lin and Patterson, Donald J and Fox, Dieter and Kautz, Henry},
  booktitle={Artificial Intelligence},
  year={2007}
}

@inproceedings{yin2004high,
  title={High-level goal recognition in a wireless LAN},
  author={Yin, Jie and Chai, Xiaoyong and Yang, Qiang},
  booktitle={Proceedings of the national Conference on Artificial Intelligence},
  year={2004}
}

@inproceedings{patterson2003inferring,
  title={Inferring high-level behavior from low-level sensors},
  author={Patterson, Donald J and Liao, Lin and Fox, Dieter and Kautz, Henry},
  booktitle={International Conference on Ubiquitous Computing},
  year={2003}
}

@inproceedings{adrienko2011spatial,
  title={Spatial generalization and aggregation of massive movement data},
  author={Adrienko, Natalia and Adrienko, Gennady},
  booktitle={IEEE Transactions on Visualization and Computer Graphics},
  year={2011}
}

@inproceedings{douglas1973algorithms,
  title={Algorithms for the reduction of the number of points required to represent a digitized line or its caricature},
  author={Douglas, David H and Peucker, Thomas K},
  booktitle={Cartographica: The International Journal for Geographic Information and Geovisualization},
  year={1973}
}

@inproceedings{bellman1961approximation,
  title={On the Approximation of Curves by Line Segments using Dynamic Programming},
  author={Bellman, Richard},
  booktitle={Communications of the ACM},
  year={1961}
}

@incollection{lee2011trajectory,
  title={Trajectory Preprocessing},
  author={Lee, Wang-Chien and Krumm, John},
  booktitle={Computing with Spatial Trajectories},
  year={2011}
}

@inproceedings{kellaris2009trajectory,
  title={Trajectory Compression under Network Constraints},
  author={Kellaris, Georgios and Pelekis, Nikos and Theodoridis, Yannis},
  booktitle={SSTD'09},
  year={2009}
}
@inproceedings{parent2013semantic,
  title={Semantic trajectories modeling and analysis},
  author={Parent, Christine and Spaccapietra, Stefano and Renso, Chiara and Andrienko, Gennady and Andrienko, Natalia and Bogorny, Vania and Damiani, Maria Luisa and Gkoulalas-Divanis, Aris and Macedo, Jose and Pelekis, Nikos and others},
  booktitle={ACM Computing Surveys},
  year={2013}
}


@inproceedings{zheng2008learning,
  title={Learning Transportation Mode from Raw GPS Data for Geographic Applications on the Web},
  author={Zheng, Yu and Liu, Like and Wang, Longhao and Xie, Xing},
  booktitle={WWW'08},
  year={2008},
}

@inproceedings{alvares2009framework,
  title={A Framework for Trajectory Data Preprocessing for Data Mining.},
  author={Alvares, Luis Otavio and Oliveira, Gabriel and Heuser, Carlos A and Bogorny, Vania},
  booktitle={Proceedings of the 21st International Conference on Software Engineering {\&} Knowledge Engineering},
  year={2009}
}

@inproceedings{spaccapietra2008conceptual,
  title={A conceptual view on trajectories},
  author={Spaccapietra, Stefano and Parent, Christine and Damiani, Maria Luisa and de Macedo, Jose Antonio and Porto, Fabio and Vangenot, Christelle},
  booktitle={Data \& Knowledge Engineering},
  year={2008},
}

@inproceedings{zheng2008understanding,
  title={Understanding mobility based on GPS data},
  author={Zheng, Yu and Li, Quannan and Chen, Yukun and Xie, Xing and Ma, Wei-Ying},
  booktitle={Proceedings of the 10th International Conference on Ubiquitous Computing},
  year={2008},
}

@inproceedings{alvares2007model,
  title={A model for enriching trajectories with semantic geographical information},
  author={Alvares, Luis Otavio and Bogorny, Vania and Kuijpers, Bart and de Macedo, Jose Antonio Fernandes and Moelans, Bart and Vaisman, Alejandro},
  booktitle={15th {ACM} International Symposium on Geographic Information Systems},
  year={2007}
}


@inproceedings{palma2008clustering,
  title={A clustering-based approach for discovering interesting places in trajectories},
  author={Palma, Andrey Tietbohl and Bogorny, Vania and Kuijpers, Bart and Alvares, Luis Otavio},
  booktitle={Proceedings of the 2008 ACM Symposium on Applied Computing},
  year={2008},
}

@inproceedings{hu2017if,
  title={IF-Matching: Towards Accurate Map-Matching with Information Fusion},
  author={Hu, Gang and Shao, Jie and Liu, Fenglin and Wang, Yuan and Shen, Heng Tao},
  booktitle={IEEE Transactions on Knowledge and Data Engineering},
  year={2017},
}
@inproceedings{zheng2011learning,
  title={Learning Travel Recommendations from User-generated GPS Traces},
  author={Zheng, Yu and Xie, Xing},
  booktitle={TIST'11},
  year={2011},
}

@inproceedings{li2008mining,
  title={Mining User Similarity Based on Location History},
  author={Li, Quannan and Zheng, Yu and Xie, Xing and Chen, Yukun and Liu, Wenyu and Ma, Wei-Ying},
  booktitle={SIGSPATIAL'08},
  year={2008},
}

@inproceedings{yuan2013t,
  title={T-Finder: A Recommender System for Finding Passengers and Vacant Taxis},
  author={Yuan, Nicholas Jing and Zheng, Yu and Zhang, Liuhang and Xie, Xing},
  booktitle={TKDE'13},
  year={2013},
}



@inproceedings{zheng2015trajectory,
  title={Trajectory Data Mining: An Overview},
  author={Zheng, Yu},
  booktitle={TIST'15},
  year={2015},
}


@inproceedings{agrawal1993efficient,
  title={Efficient Similarity Search in Sequence Databases},
  author={Agrawal, Rakesh and Faloutsos, Christos and Swami, Arun},
  booktitle={Foundations of Data Organization and Algorithms},
  year={1993},
}


@inproceedings{giannotti2007trajectory,
  title={Trajectory pattern mining},
  author={Giannotti, Fosca and Nanni, Mirco and Pinelli, Fabio and Pedreschi, Dino},
  booktitle={Proceedings of the 13th ACM SIGKDD international conference on Knowledge discovery and data mining},
  year={2007},
}


@inproceedings{lee2007trajectory,
  title={Trajectory Clustering: A Partition-and-Group Framework},
  author={Lee, Jae-Gil and Han, Jiawei and Whang, Kyu-Young},
  booktitle={SIGMOD'07},
  year={2007},
}


@inproceedings{mazimpaka2016trajectory,
  title={Trajectory data mining: A review of methods and applications},
  author={Mazimpaka, Jean Damasc{\`e}ne and Timpf, Sabine},
  booktitle={Journal of Spatial Information Science},
  year={2016}
}

@inproceedings{bohm2010clustering,
  title={Clustering by Synchronization},
  author={B{\"o}hm, Christian and Plant, Claudia and Shao, Junming and Yang, Qinli},
  booktitle={SIGKDD'10},
  year={2010},
}


@inproceedings{shao2014prototype,
  title={Prototype-Based Learning on Concept-Drifting Data Streams},
  author={Shao, Junming and Ahmadi, Zahra and Kramer, Stefan},
  booktitle={SIGKDD'14},
  year={2014},
}

@inproceedings{shao2016scalable,
  title={Scalable Clustering by Iterative Partitioning and Point Attractor Representation},
  author={Shao, Junming and Yang, Qinli and Dang, Hoang-Vu and Schmidt, Bertil and Kramer, Stefan},
  booktitle={TKDD'16},
  year={2016},
}

@inproceedings{maurus2016skinny,
  title={Skinny-dip: Clustering in a Sea of Noise},
  author={Maurus, Samuel and Plant, Claudia},
  booktitle={Proceedings of the 22nd ACM SIGKDD International Conference on Knowledge Discovery and Data Mining},
  year={2016},
}

@inproceedings{shao2015community,
  title={Community Detection Based on Distance Dynamics},
  author={Shao, Junming and Han, Zhichao and Yang, Qinli and Zhou, Tao},
  booktitle={SIGKDD'15},
  year={2015},
}

=======================undergraduation=====================

@article{cho2008coclustering,
  title={Coclustering of human cancer microarrays using minimum sum-squared residue coclustering},
  author={Cho, Hyuk and Dhillon, Inderjit S},
  journal={IEEE/ACM Transactions on Computational Biology and Bioinformatics (TCBB)},
  volume={5},
  number={3},
  pages={385--400},
  year={2008},
  publisher={IEEE Computer Society Press}
}

@inproceedings{dhillon2003information,
  title={Information-theoretic co-clustering},
  author={Dhillon, Inderjit S and Mallela, Subramanyam and Modha, Dharmendra S},
  publisher={Proceedings of the ninth ACM SIGKDD international conference on Knowledge discovery and data mining},
  pages={89--98},
  year={2003},
  organization={ACM}
}

@article{agrawal1993mining,
  title={Mining association rules between sets of items in large databases},
  author={Agrawal, Rakesh and Imieli{\'n}ski, Tomasz and Swami, Arun},
  journal={ACM SIGMOD Record},
  volume={22},
  number={2},
  pages={207--216},
  year={1993},
  publisher={ACM}
}

@phdthesis{shao2011synchronization,
  title={Synchronization Inspired Data Mining},
  author={Shao, Junming},
  year={2011},
  publisher={Lambert Academic Publishing}
  school={LMU}
}

@book{kuramoto2012chemical,
  title={Chemical oscillations, waves, and turbulence},
  author={Kuramoto, Yoshiki},
  volume={19},
  year={2012},
  publisher={Springer Science \& Business Media}
}

@book{huygens1966horologium,
  title={Horologium oscillatorium: 1673},
  author={Huygens, Christiaan},
  year={1966},
  publisher={Dawson}
}

@article{frisch1994social,
  title={Social synchronization of the activity rhythms of honeybees within a colony},
  author={Frisch, Brigitte and Koeniger, Nikolaus},
  journal={Behavioral ecology and sociobiology},
  volume={35},
  number={2},
  pages={91--98},
  year={1994},
  publisher={Springer}
}

@article{carmona2006biclustering,
  title={Biclustering of gene expression data by non-smooth non-negative matrix factorization},
  author={Carmona-Saez, Pedro and Pascual-Marqui, Roberto D and Tirado, Francisco and Carazo, Jose M and Pascual-Montano, Alberto},
  journal={BMC bioinformatics},
  volume={7},
  number={1},
  pages={1},
  year={2006},
  publisher={BioMed Central}
}

@article{kluger2003spectral,
  title={Spectral biclustering of microarray data: coclustering genes and conditions},
  author={Kluger, Yuval and Basri, Ronen and Chang, Joseph T and Gerstein, Mark},
  journal={Genome research},
  volume={13},
  number={4},
  pages={703--716},
  year={2003},
  publisher={Cold Spring Harbor Lab}
}

@article{sheng2003biclustering,
  title={Biclustering microarray data by Gibbs sampling},
  author={Sheng, Qizheng and Moreau, Yves and De Moor, Bart},
  journal={Bioinformatics},
  volume={19},
  number={suppl 2},
  pages={ii196--ii205},
  year={2003},
  publisher={Oxford Univ Press}
}

@article{lazzeroni2002plaid,
  title={Plaid models for gene expression data},
  author={Lazzeroni, Laura and Owen, Art},
  journal={Statistica sinica},
  pages={61--86},
  year={2002},
  publisher={JSTOR}
}
@article{li2009qubic,
  title={QUBIC: a qualitative biclustering algorithm for analyses of gene expression data},
  author={Li, Guojun and Ma, Qin and Tang, Haibao and Paterson, Andrew H and Xu, Ying},
  journal={Nucleic acids research},
  pages={gkp491},
  year={2009},
  publisher={Oxford Univ Press}
}

@article{shi2000normalized,
  title={Normalized cuts and image segmentation},
  author={Shi, Jianbo and Malik, Jitendra},
  journal={Pattern Analysis and Machine Intelligence, IEEE Transactions on},
  volume={22},
  number={8},
  pages={888--905},
  year={2000},
  publisher={IEEE}
}

@article{yang2011finding,
  title={Finding correlated biclusters from gene expression data},
  author={Yang, Wen-Hui and Dai, Dao-Qing and Yan, Hong},
  journal={Knowledge and Data Engineering, IEEE Transactions on},
  volume={23},
  number={4},
  pages={568--584},
  year={2011},
  publisher={IEEE}
}

@article{cano2007possibilistic,
  title={Possibilistic approach for biclustering microarray data},
  author={Cano, Carlos and Adarve, L and L{\'o}pez, J and Blanco, Armando},
  journal={Computers in biology and medicine},
  volume={37},
  number={10},
  pages={1426--1436},
  year={2007},
  publisher={Elsevier}
}

@article{coelho2009multi,
  title={Multi-objective biclustering: When non-dominated solutions are not enough},
  author={Coelho, Guilherme Palermo and de Fran{\c{c}}a, Fabr{\'\i}cio Olivetti and Von Zuben, Fernando J},
  journal={Journal of Mathematical Modelling and Algorithms},
  volume={8},
  number={2},
  pages={175--202},
  year={2009},
  publisher={Springer}
}

@book{de2002artificial,
  title={Artificial immune systems: a new computational intelligence approach},
  author={De Castro, Leandro Nunes and Timmis, Jonathan},
  year={2002},
  publisher={Springer Science \& Business Media}
}

@incollection{kennedy2011particle,
  title={Particle swarm optimization},
  author={Kennedy, James},
  booktitle={Encyclopedia of machine learning},
  pages={760--766},
  year={2011},
  publisher={Springer}
}

@article{liu2009biclustering,
  title={Biclustering of microarray data with MOSPO based on crowding distance},
  author={Liu, Junwan and Li, Zhoujun and Hu, Xiaohua and Chen, Yiming},
  journal={BMC bioinformatics},
  volume={10},
  number={4},
  pages={1},
  year={2009},
  publisher={BioMed Central}
}

@book{das2005quantum,
  title={Quantum annealing and related optimization methods},
  author={Das, Arnab and Chakrabarti, Bikas K},
  volume={679},
  year={2005},
  publisher={Springer Science \& Business Media}
}


@article{bryan2006application,
  title={Application of simulated annealing to the biclustering of gene expression data},
  author={Bryan, Kenneth and Cunningham, P{\'a}draig and Bolshakova, Nadia},
  journal={Information Technology in Biomedicine, IEEE Transactions on},
  volume={10},
  number={3},
  pages={519--525},
  year={2006},
  publisher={IEEE}
}

@article{yang2005improved,
  title={An improved biclustering method for analyzing gene expression profiles},
  author={Yang, Jiong and Wang, Haixun and Wang, Wei and Yu, Philip S},
  journal={International Journal on Artificial Intelligence Tools},
  volume={14},
  number={05},
  pages={771--789},
  year={2005},
  publisher={World Scientific}
}

@article{yip2004harp,
  title={Harp: A practical projected clustering algorithm},
  author={Yip, Kevin Y and Cheung, David W and Ng, Michael K},
  journal={Knowledge and Data Engineering, IEEE Transactions on},
  volume={16},
  number={11},
  pages={1387--1397},
  year={2004},
  publisher={IEEE}
}

@article{mukhopadhyay2009novel,
  title={A novel coherence measure for discovering scaling biclusters from gene expression data},
  author={Mukhopadhyay, Anirban and Maulik, Ujjwal and Bandyopadhyay, Sanghamitra},
  journal={Journal of Bioinformatics and Computational Biology},
  volume={7},
  number={05},
  pages={853--868},
  year={2009},
  publisher={World Scientific}
}

@article{aguilar2005shifting,
  title={Shifting and scaling patterns from gene expression data},
  author={Aguilar-Ruiz, Jes{\'u}s S},
  journal={Bioinformatics},
  volume={21},
  number={20},
  pages={3840--3845},
  year={2005},
  publisher={Oxford Univ Press}
}

@article{kriegel2009clustering,
  title={Clustering high-dimensional data: A survey on subspace clustering, pattern-based clustering, and correlation clustering},
  author={Kriegel, Hans-Peter and Kr{\"o}ger, Peer and Zimek, Arthur},
  journal={ACM Transactions on Knowledge Discovery from Data (TKDD)},
  volume={3},
  number={1},
  pages={1},
  year={2009},
  publisher={ACM}
}

@article{pontes2015biclustering,
  title={Biclustering on expression data: A review},
  author={Pontes, Beatriz and Gir{\'a}ldez, Ra{\'u}l and Aguilar-Ruiz, Jes{\'u}s S},
  journal={Journal of biomedical informatics},
  volume={57},
  pages={163--180},
  year={2015},
  publisher={Elsevier}
}

@inproceedings{cheng2000biclustering,
  title={Biclustering of expression data.},
  author={Cheng, Yizong and Church, George M},
  publisher={Ismb},
  volume={8},
  pages={93--103},
  year={2000}
}

@article{hartigan1972direct,
  title={Direct clustering of a data matrix},
  author={Hartigan, John A},
  journal={Journal of the american statistical association},
  volume={67},
  number={337},
  pages={123--129},
  year={1972},
  publisher={Taylor \& Francis Group}
}

@article{tanay2002discovering,
  title={Discovering statistically significant biclusters in gene expression data},
  author={Tanay, Amos and Sharan, Roded and Shamir, Ron},
  journal={Bioinformatics},
  volume={18},
  number={suppl 1},
  pages={S136--S144},
  year={2002},
  publisher={Oxford Univ Press}
}

@article{tanay2005biclustering,
  title={Biclustering algorithms: A survey},
  author={Tanay, Amos and Sharan, Roded and Shamir, Ron},
  journal={Handbook of computational molecular biology},
  volume={9},
  number={1-20},
  pages={122--124},
  year={2005},
  publisher={Citeseer}
}

@article{estivill2002so,
  title={Why so many clustering algorithms: a position paper},
  author={Estivill-Castro, Vladimir},
  journal={ACM SIGKDD explorations newsletter},
  volume={4},
  number={1},
  pages={65--75},
  year={2002},
  publisher={ACM}
}

@article{cortes1995support,
  title={Support-vector networks},
  author={Cortes, Corinna and Vapnik, Vladimir},
  journal={Machine learning},
  volume={20},
  number={3},
  pages={273--297},
  year={1995},
  publisher={Springer}
}

@article{quinlan1986induction,
  title={Induction of decision trees},
  author={Quinlan, J. Ross},
  journal={Machine learning},
  volume={1},
  number={1},
  pages={81--106},
  year={1986},
  publisher={Springer}
}

@article{peterson2009k,
  title={K-nearest neighbor},
  author={Peterson, Leif E},
  journal={Scholarpedia},
  volume={4},
  number={2},
  pages={1883},
  year={2009}
}

@inproceedings{ester1996density,
  title={A density-based algorithm for discovering clusters in large spatial databases with noise.},
  author={Ester, Martin and Kriegel, Hans-Peter and Sander, J{\"o}rg and Xu, Xiaowei},
  publisher={Proceedings of the Second International Conference on Knowledge Discovery and Data Mining (KDD-96)},
  volume={96},
  number={34},
  pages={226--231},
  year={1996}
}

@inproceedings{han2000mining,
  title={Mining frequent patterns without candidate generation},
  author={Han, Jiawei and Pei, Jian and Yin, Yiwen},
  publisher={ACM Sigmod Record},
  volume={29},
  number={2},
  pages={1--12},
  year={2000},
  organization={ACM}
}

@article{ng2002spectral,
  title={On spectral clustering: Analysis and an algorithm},
  author={Ng, Andrew Y and Jordan, Michael I and Weiss, Yair and others},
  journal={Advances in neural information processing systems},
  volume={2},
  pages={849--856},
  year={2002},
  publisher={MIT; 1998}
}

@article{hartigan1979algorithm,
  title={Algorithm AS 136: A k-means clustering algorithm},
  author={Hartigan, John A and Wong, Manchek A},
  journal={Journal of the Royal Statistical Society. Series C (Applied Statistics)},
  volume={28},
  number={1},
  pages={100--108},
  year={1979},
  publisher={JSTOR}
}

===============================DASFAA===========================
@article{quijano2017make,
  title={Make it personal: a social explanation system applied to group recommendations},
  author={Quijano-Sanchez, Lara and Sauer, Christian and Recio-Garcia, Juan A and Diaz-Agudo, Belen},
  journal={Expert Systems with Applications},
  volume={76},
  pages={36--48},
  year={2017},
  publisher={Elsevier}
}

@inproceedings{sharma2013social,
  title={Do social explanations work?: studying and modeling the effects of social explanations in recommender systems},
  author={Sharma, Amit and Cosley, Dan},
  booktitle={Proceedings of the 22nd international conference on World Wide Web},
  pages={1133--1144},
  year={2013},
  organization={ACM}
}

@article{chen2018visually,
  title={Visually Explainable Recommendation},
  author={Chen, Xu and Zhang, Yongfeng and Xu, Hongteng and Cao, Yixin and Qin, Zheng and Zha, Hongyuan},
  journal={arXiv preprint arXiv:1801.10288},
  year={2018}
}

@inproceedings{zhang2014explicit,
  title={Explicit factor models for explainable recommendation based on phrase-level sentiment analysis},
  author={Zhang, Yongfeng and Lai, Guokun and Zhang, Min and Zhang, Yi and Liu, Yiqun and Ma, Shaoping},
  booktitle={Proceedings of the 37th international ACM SIGIR conference on Research \& development in information retrieval},
  pages={83--92},
  year={2014},
  organization={ACM}
}

@article{zhang2018explainable,
  title={Explainable Recommendation: A Survey and New Perspectives},
  author={Zhang, Yongfeng and Chen, Xu},
  journal={arXiv preprint arXiv:1804.11192},
  year={2018}
}

@inproceedings{resnick1994grouplens,
  title={GroupLens: an open architecture for collaborative filtering of netnews},
  author={Resnick, Paul and Iacovou, Neophytos and Suchak, Mitesh and Bergstrom, Peter and Riedl, John},
  booktitle={Proceedings of the 1994 ACM conference on Computer supported cooperative work},
  pages={175--186},
  year={1994},
  organization={ACM}
}
@inproceedings{sarwar2001item,
  title={Item-based collaborative filtering recommendation algorithms},
  author={Sarwar, Badrul and Karypis, George and Konstan, Joseph and Riedl, John},
  booktitle={Proceedings of the 10th international conference on World Wide Web},
  pages={285--295},
  year={2001},
  organization={ACM}
}

@article{ma2011learning,
  title={Learning to recommend with explicit and implicit social relations},
  author={Ma, Hao and King, Irwin and Lyu, Michael R},
  journal={ACM Transactions on Intelligent Systems and Technology (TIST)},
  volume={2},
  number={3},
  pages={29},
  year={2011},
  publisher={ACM}
}

@article{yang2017social,
  title={Social collaborative filtering by trust},
  author={Yang, Bo and Lei, Yu and Liu, Jiming and Li, Wenjie},
  journal={IEEE transactions on pattern analysis and machine intelligence},
  volume={39},
  number={8},
  pages={1633--1647},
  year={2017},
  publisher={IEEE}
}

@inproceedings{biggs2008nonnegative,
  title={Nonnegative matrix factorization via rank-one downdate},
  author={Biggs, Michael and Ghodsi, Ali and Vavasis, Stephen},
  booktitle={Proceedings of the 25th international conference on Machine learning},
  pages={64--71},
  year={2008},
  organization={ACM}
}

@inproceedings{shao2017synchronization,
  title={Synchronization-Inspired Co-Clustering and Its Application to Gene Expression Data},
  author={Shao, Junming and Gao, Chongming and Zeng, Wei and Song, Jingkuan and Yang, Qinli},
  booktitle={2017 IEEE International Conference on Data Mining (ICDM)},
  pages={1075--1080},
  year={2017},
  organization={IEEE}
}

@article{freund1999short,
  title={A short introduction to boosting},
  author={Freund, Yoav and Schapire, Robert and Abe, Naoki},
  journal={Journal-Japanese Society For Artificial Intelligence},
  volume={14},
  number={771-780},
  pages={1612},
  year={1999},
  publisher={JAPANESE SOC ARTIFICIAL INTELL}
}
@inproceedings{zhao2017collaborative,
  title={Collaborative filtering with social local models},
  author={Zhao, Huan and Yao, Quanming and Kwok, James T and Lee, Dik Lun},
  booktitle={2017 IEEE International Conference on Data Mining (ICDM)},
  pages={645--654},
  year={2017},
  organization={IEEE}
}
@inproceedings{mackey2011divide,
  title={Divide-and-conquer matrix factorization},
  author={Mackey, Lester W and Jordan, Michael I and Talwalkar, Ameet},
  booktitle={Advances in Neural Information Processing Systems},
  pages={1134--1142},
  year={2011}
}
@inproceedings{xu2012exploration,
  title={An exploration of improving collaborative recommender systems via user-item subgroups},
  author={Xu, Bin and Bu, Jiajun and Chen, Chun and Cai, Deng},
  booktitle={Proceedings of the 21st international conference on World Wide Web},
  pages={21--30},
  year={2012},
  organization={ACM}
}

@inproceedings{zhang2013improve,
  title={Improve collaborative filtering through bordered block diagonal form matrices},
  author={Zhang, Yongfeng and Zhang, Min and Liu, Yiqun and Ma, Shaoping},
  booktitle={Proceedings of the 36th international ACM SIGIR conference on Research and development in information retrieval},
  pages={313--322},
  year={2013},
  organization={ACM}
}


@inproceedings{chen2015wemarec,
  title={WEMAREC: Accurate and scalable recommendation through weighted and ensemble matrix approximation},
  author={Chen, Chao and Li, Dongsheng and Zhao, Yingying and Lv, Qin and Shang, Li},
  booktitle={Proceedings of the 38th international ACM SIGIR conference on research and development in information retrieval},
  pages={303--312},
  year={2015},
  organization={ACM}
}
@inproceedings{zhang2017local,
  title={Local low-rank matrix approximation with preference selection of anchor points},
  author={Zhang, Menghao and Hu, Binbin and Shi, Chuan and Wang, Bai},
  booktitle={Proceedings of the 26th International Conference on World Wide Web Companion},
  pages={1395--1403},
  year={2017},
  organization={International World Wide Web Conferences Steering Committee}
}

@article{li2018multi,
  title={Multi-Level Network Embedding with Boosted Low-Rank Matrix Approximation},
  author={Li, Jundong and Wu, Liang and Liu, Huan},
  journal={arXiv preprint arXiv:1808.08627},
  year={2018}
}
@incollection{NIPS2011_4486,
title = {Divide-and-Conquer Matrix Factorization},
author = {Lester W. Mackey and Michael I. Jordan and Ameet Talwalkar},
booktitle = {Advances in Neural Information Processing Systems 24},
editor = {J. Shawe-Taylor and R. S. Zemel and P. L. Bartlett and F. Pereira and K. Q. Weinberger},
pages = {1134--1142},
year = {2011},
publisher = {Curran Associates, Inc.},
url = {http://papers.nips.cc/paper/4486-divide-and-conquer-matrix-factorization.pdf}
}
@inproceedings{decoste2006collaborative,
  title={Collaborative prediction using ensembles of maximum margin matrix factorizations},
  author={DeCoste, Dennis},
  booktitle={Proceedings of the 23rd international conference on Machine learning},
  pages={249--256},
  year={2006},
  organization={ACM}
}
@inproceedings{li2017mixture,
  title={Mixture-Rank Matrix Approximation for Collaborative Filtering},
  author={Li, Dongsheng and Chen, Chao and Liu, Wei and Lu, Tun and Gu, Ning and Chu, Stephen},
  booktitle={Advances in Neural Information Processing Systems},
  pages={477--485},
  year={2017}
}
@inproceedings{lee2013local,
  title={Local low-rank matrix approximation},
  author={Lee, Joonseok and Kim, Seungyeon and Lebanon, Guy and Singer, Yoram},
  booktitle={International Conference on Machine Learning},
  pages={82--90},
  year={2013}
}
@inproceedings{zhang2014understanding,
  title={Understanding the sparsity: Augmented matrix factorization with sampled constraints on unobservables},
  author={Zhang, Yongfeng and Zhang, Min and Zhang, Yi and Liu, Yiqun and Ma, Shaoping},
  booktitle={Proceedings of the 23rd ACM International Conference on Conference on Information and Knowledge Management},
  pages={1189--1198},
  year={2014},
  organization={ACM}
}
@inproceedings{mnih2008probabilistic,
  title={Probabilistic matrix factorization},
  author={Mnih, Andriy and Salakhutdinov, Ruslan R},
  booktitle={Advances in Neural Information Processing Systems},
  pages={1257--1264},
  year={2008}
}
@inproceedings{rennie2005fast,
  title={Fast maximum margin matrix factorization for collaborative prediction},
  author={Rennie, Jasson DM and Srebro, Nathan},
  booktitle={Proceedings of the 22nd International Conference on Machine Learning},
  pages={713--719},
  year={2005},
  organization={ACM}
}
@inproceedings{srebro2005maximum,
  title={Maximum-margin matrix factorization},
  author={Srebro, Nathan and Rennie, Jason and Jaakkola, Tommi S},
  booktitle={Advances in Neural Information Processing Systems},
  pages={1329--1336},
  year={2005}
}
@article{guo2016novel,
  title={A novel recommendation model regularized with user trust and item ratings},
  author={Guo, Guibing and Zhang, Jie and Yorke-Smith, Neil},
  journal={ieee Transactions on Knowledge and Data Engineering},
  volume={28},
  number={7},
  pages={1607--1620},
  year={2016},
  publisher={IEEE}
}
@inproceedings{paterek2007improving,
  title={Improving regularized singular value decomposition for collaborative filtering},
  author={Paterek, Arkadiusz},
  booktitle={Proceedings of KDD Cup and Workshop},
  volume={2007},
  pages={5--8},
  year={2007}
}

@article{ding2008equivalence,
  title={On the equivalence between non-negative matrix factorization and probabilistic latent semantic indexing},
  author={Ding, Chris and Li, Tao and Peng, Wei},
  journal={Computational Statistics \& Data Analysis},
  volume={52},
  number={8},
  pages={3913--3927},
  year={2008},
  publisher={Elsevier}
}

@inproceedings{ensnmf,
  title={L-ensnmf: Boosted local topic discovery via ensemble of nonnegative matrix factorization},
  author={Suh, Sangho and Choo, Jaegul and Lee, Joonseok and Reddy, Chandan K},
  booktitle={2016 IEEE 16th International Conference on Data Mining (ICDM)},
  pages={479--488},
  year={2016},
  organization={IEEE}
}
@inproceedings{shin2017stexnmf,
  title={Stexnmf: Spatio-temporally exclusive topic discovery for anomalous event detection},
  author={Shin, Dear Sungbok and Choi, Minsuk and Choi, Jinho and Langevin, Scott and Bethune, Christopher and Horne, Philippe and Kronenfeld, Nathan and Kannan, Ramakrishnan and Drake, Barry and Park, Haesun and others},
  booktitle={2017 IEEE International Conference on Data Mining (ICDM)},
  pages={435--444},
  year={2017},
  organization={IEEE}
}

@inproceedings{NMF2,
  title={Algorithms for non-negative matrix factorization},
  author={Lee, Daniel D and Seung, H Sebastian},
  booktitle={Advances in Neural Information Processing Systems},
  pages={556--562},
  year={2001}
}

@article{NMF,
  title={Learning the parts of objects by non-negative matrix factorization},
  author={Lee, Daniel D and Seung, H Sebastian},
  journal={Nature},
  volume={401},
  number={6755},
  pages={788},
  year={1999},
  publisher={Nature Publishing Group}
}

@inproceedings{srebro2003weighted,
  title={Weighted low-rank approximations},
  author={Srebro, Nathan and Jaakkola, Tommi},
  booktitle={Proceedings of the 20th International Conference on Machine Learning},
  pages={720--727},
  year={2003}
}

@inproceedings{koren2009collaborative,
  title={Collaborative filtering with temporal dynamics},
  author={Koren, Yehuda},
  booktitle={Proceedings of the 15th ACM SIGKDD},
  pages={447--456},
  year={2009},
  organization={ACM}
}

@inproceedings{koren2008factorization,
  title={Factorization meets the neighborhood: a multifaceted collaborative filtering model},
  author={Koren, Yehuda},
  booktitle={Proceedings of the 14th ACM SIGKDD},
  pages={426--434},
  year={2008},
  organization={ACM}
}

@inproceedings{gao2015content,
  title={Content-Aware Point of Interest Recommendation on Location-Based Social Networks.},
  author={Gao, Huiji and Tang, Jiliang and Hu, Xia and Liu, Huan},
  booktitle={AAAI},
  pages={1721--1727},
  year={2015}
}

@inproceedings{yin2013lcars,
  title={LCARS: a location-content-aware recommender system},
  author={Yin, Hongzhi and Sun, Yizhou and Cui, Bin and Hu, Zhiting and Chen, Ling},
  booktitle={Proceedings of the 19th ACM SIGKDD},
  pages={221--229},
  year={2013},
  organization={ACM}
}
@inproceedings{li2017collaborative,
  title={Collaborative variational autoencoder for recommender systems},
  author={Li, Xiaopeng and She, James},
  booktitle={Proceedings of the 23rd ACM SIGKDD},
  pages={305--314},
  year={2017},
  organization={ACM}
}
@inproceedings{yang2017bridging,
  title={Bridging collaborative filtering and semi-supervised learning: a neural approach for poi recommendation},
  author={Yang, Carl and Bai, Lanxiao and Zhang, Chao and Yuan, Quan and Han, Jiawei},
  booktitle={Proceedings of the 23rd ACM SIGKDD},
  pages={1245--1254},
  year={2017},
  organization={ACM}
}

@inproceedings{zhang2018exploiting,
  title={Exploiting Context Graph Attention for POI Recommendation in Location-Based Social Networks},
  author={Zhang, Siyuan and Cheng, Hong},
  booktitle={International Conference on Database Systems for Advanced Applications},
  pages={83--99},
  year={2018},
  organization={Springer}
}

@inproceedings{rennie2005fast,
  title={Fast maximum margin matrix factorization for collaborative prediction},
  author={Rennie, Jasson DM and Srebro, Nathan},
  booktitle={Proceedings of the 22nd international conference on Machine learning},
  pages={713--719},
  year={2005},
  organization={ACM}
}
@inproceedings{salakhutdinov2008bayesian,
  title={Bayesian probabilistic matrix factorization using Markov chain Monte Carlo},
  author={Salakhutdinov, Ruslan and Mnih, Andriy},
  booktitle={Proceedings of the 25th international conference on Machine learning},
  pages={880--887},
  year={2008},
  organization={ACM}
}

@inproceedings{ribeiro2016should,
  title={Why should i trust you?: Explaining the predictions of any classifier},
  author={Ribeiro, Marco Tulio and Singh, Sameer and Guestrin, Carlos},
  booktitle={Proceedings of the 22nd ACM SIGKDD},
  pages={1135--1144},
  year={2016},
  organization={ACM}
}

@inproceedings{weightedSVD,
  title={Collaborative filtering for implicit feedback datasets},
  author={Hu, Yifan and Koren, Yehuda and Volinsky, Chris},
  booktitle={Data Mining, 2008. ICDM'08. Eighth IEEE International Conference on},
  pages={263--272},
  year={2008},
  organization={Ieee}
}

@inproceedings{mnih2008probabilistic,
  title={Probabilistic matrix factorization},
  author={Mnih, Andriy and Salakhutdinov, Ruslan R},
  booktitle={Advances in Neural Information Processing Systems},
  pages={1257--1264},
  year={2008}
}

@inproceedings{lian2014geomf,
  title={GeoMF: joint geographical modeling and matrix factorization for point-of-interest recommendation},
  author={Lian, Defu and Zhao, Cong and Xie, Xing and Sun, Guangzhong and Chen, Enhong and Rui, Yong},
  booktitle={Proceedings of the 20th ACM SIGKDD},
  pages={831--840},
  year={2014},
  organization={ACM}
}


@inproceedings{wang2018cross,
  title={Cross-domain recommendation for cold-start users via neighborhood based feature mapping},
  author={Wang, Xinghua and Peng, Zhaohui and Wang, Senzhang and Philip, S Yu and Fu, Wenjing and Hong, Xiaoguang},
  booktitle={International Conference on Database Systems for Advanced Applications},
  pages={158--165},
  year={2018},
  organization={Springer}
}

