@inproceedings{wang2011human,
  title={Human mobility, social ties, and link prediction},
  author={Wang, Dashun and Pedreschi, Dino and Song, Chaoming and Giannotti, Fosca and Barabasi, Albert-Laszlo},
  booktitle={Proceedings of the 17th ACM SIGKDD international conference on Knowledge discovery and data mining},
  pages={1100--1108},
  year={2011},
  organization={ACM}
}
@inproceedings{gaito2011mobility,
  title={From mobility data to social attitudes: a complex network approach},
  author={Gaito, S and Rossi, GP and Zignani, M},
  booktitle={NEMOâ€™11: Proc. International Workshop on Finding Patterns of Human Behaviors in Networks and Mobility Data},
  pages={52--65},
  year={2011}
}
@article{crandall2010inferring,
  title={Inferring social ties from geographic coincidences},
  author={Crandall, David J and Backstrom, Lars and Cosley, Dan and Suri, Siddharth and Huttenlocher, Daniel and Kleinberg, Jon},
  journal={Proceedings of the National Academy of Sciences},
  volume={107},
  number={52},
  pages={22436--22441},
  year={2010},
  publisher={National Acad Sciences}
}
@inproceedings{xiao2010finding,
  title={Finding similar users using category-based location history},
  author={Xiao, Xiangye and Zheng, Yu and Luo, Qiong and Xie, Xing},
  booktitle={Proceedings of the 18th SIGSPATIAL International Conference on Advances in Geographic Information Systems},
  pages={442--445},
  year={2010},
  organization={ACM}
}
@article{zheng2011recommending,
  title={Recommending friends and locations based on individual location history},
  author={Zheng, Yu and Zhang, Lizhu and Ma, Zhengxin and Xie, Xing and Ma, Wei-Ying},
  journal={ACM Transactions on the Web (TWEB)},
  volume={5},
  number={1},
  pages={5},
  year={2011},
  publisher={ACM}
}
@inproceedings{ying2011semantic,
  title={Semantic trajectory mining for location prediction},
  author={Ying, Josh Jia-Ching and Lee, Wang-Chien and Weng, Tz-Chiao and Tseng, Vincent S},
  booktitle={Proceedings of the 19th ACM SIGSPATIAL International Conference on Advances in Geographic Information Systems},
  pages={34--43},
  year={2011},
  organization={ACM}
}
@inproceedings{zheng2008understanding,
  title={Understanding mobility based on GPS data},
  author={Zheng, Yu and Li, Quannan and Chen, Yukun and Xie, Xing and Ma, Wei-Ying},
  booktitle={Proceedings of the 10th international conference on Ubiquitous computing},
  pages={312--321},
  year={2008},
  organization={ACM}
}
@inproceedings{palma2008clustering,
  title={A clustering-based approach for discovering interesting places in trajectories},
  author={Palma, Andrey Tietbohl and Bogorny, Vania and Kuijpers, Bart and Alvares, Luis Otavio},
  booktitle={Proceedings of the 2008 ACM symposium on Applied computing},
  pages={863--868},
  year={2008},
  organization={ACM}
}
@article{yan2013semantic,
  title={Semantic trajectories: Mobility data computation and annotation},
  author={Yan, Zhixian and Chakraborty, Dipanjan and Parent, Christine and Spaccapietra, Stefano and Aberer, Karl},
  journal={ACM Transactions on Intelligent Systems and Technology (TIST)},
  volume={4},
  number={3},
  pages={49},
  year={2013},
  publisher={ACM}
}
@article{wang2013semantic,
  title={Semantic trajectory-based event detection and event pattern mining},
  author={Wang, Xiaofeng and Li, Gang and Jiang, Guang and Shi, Zhongzhi},
  journal={Knowledge and information systems},
  pages={1--25},
  year={2013},
  publisher={Springer}
}
@inproceedings{greenfeld2002matching,
  title={Matching GPS observations to locations on a digital map},
  author={Greenfeld, Joshua S},
  booktitle={81th annual meeting of the transportation research board},
  volume={1},
  number={3},
  pages={164--173},
  year={2002}
}

@article{chen2003integrated,
  title={Integrated vehicle navigation system for urban applications},
  author={Chen, W and Yu, M and Li, ZL and Chen, YQ},
  year={2003}
}

@inproceedings{newson2009hidden,
  title={Hidden Markov map matching through noise and sparseness},
  author={Newson, Paul and Krumm, John},
  booktitle={Proceedings of the 17th ACM SIGSPATIAL international conference on advances in geographic information systems},
  pages={336--343},
  year={2009},
  organization={ACM}
}

@inproceedings{shekhar2003processing,
  title={Processing in-route nearest neighbor queries: a comparison of alternative approaches},
  author={Shekhar, Shashi and Yoo, Jin Soung},
  booktitle={Proceedings of the 11th ACM international symposium on Advances in geographic information systems},
  pages={9--16},
  year={2003},
  organization={ACM}
}

@inproceedings{shang2010best,
  title={Best point detour query in road networks},
  author={Shang, Shuo and Deng, Ke and Xie, Kexin},
  booktitle={Proceedings of the 18th SIGSPATIAL International Conference on Advances in Geographic Information Systems},
  pages={71--80},
  year={2010},
  organization={ACM}
}

@article{yuan2017review,
  title={A review of moving object trajectory clustering algorithms},
  author={Yuan, Guan and Sun, Penghui and Zhao, Jie and Li, Daxing and Wang, Canwei},
  journal={Artificial Intelligence Review},
  volume={47},
  number={1},
  pages={123--144},
  year={2017},
  publisher={Springer}
}

@incollection{kisilevich2009spatio,
  title={Spatio-temporal clustering: a survey},
  author={Kisilevich, Slava and Mansmann, Florian and Nanni, Mirco and Rinzivillo, Salvatore},
  booktitle={Data mining and knowledge discovery handbook},
  pages={855--874},
  year={2009},
  publisher={Springer}
}
@article{birant2007st,
  title={ST-DBSCAN: An algorithm for clustering spatial--temporal data},
  author={Birant, Derya and Kut, Alp},
  journal={Data \& Knowledge Engineering},
  volume={60},
  number={1},
  pages={208--221},
  year={2007},
  publisher={Elsevier}
}