@inproceedings{gao2013exploring,
  title={Exploring temporal effects for location recommendation on location-based social networks},
  author={Gao, Huiji and Tang, Jiliang and Hu, Xia and Liu, Huan},
  booktitle={Proceedings of the 7th ACM conference on Recommender systems},
  pages={93--100},
  year={2013},
  organization={ACM}
}

@inproceedings{xiang2010temporal,
  title={Temporal recommendation on graphs via long-and short-term preference fusion},
  author={Xiang, Liang and Yuan, Quan and Zhao, Shiwan and Chen, Li and Zhang, Xiatian and Yang, Qing and Sun, Jimeng},
  booktitle={Proceedings of the 16th ACM SIGKDD international conference on Knowledge discovery and data mining},
  pages={723--732},
  year={2010},
  organization={ACM}
}

@article{koren2010collaborative,
  title={Collaborative filtering with temporal dynamics},
  author={Koren, Yehuda},
  journal={Communications of the ACM},
  volume={53},
  number={4},
  pages={89--97},
  year={2010},
  publisher={ACM}
}

@inproceedings{gao2012gscorr,
  title={gSCorr: modeling geo-social correlations for new check-ins on location-based social networks},
  author={Gao, Huiji and Tang, Jiliang and Liu, Huan},
  booktitle={Proceedings of the 21st ACM international conference on Information and knowledge management},
  pages={1582--1586},
  year={2012},
  organization={ACM}
}
@inproceedings{liu2013learning,
  title={Learning geographical preferences for point-of-interest recommendation},
  author={Liu, Bin and Fu, Yanjie and Yao, Zijun and Xiong, Hui},
  booktitle={Proceedings of the 19th ACM SIGKDD international conference on Knowledge discovery and data mining},
  pages={1043--1051},
  year={2013},
  organization={ACM}
}

@inproceedings{ye2011exploiting,
  title={Exploiting geographical influence for collaborative point-of-interest recommendation},
  author={Ye, Mao and Yin, Peifeng and Lee, Wang-Chien and Lee, Dik-Lun},
  booktitle={Proceedings of the 34th international ACM SIGIR conference on Research and development in Information Retrieval},
  pages={325--334},
  year={2011},
  organization={ACM}
}
@inproceedings{yuan2013time,
  title={Time-aware point-of-interest recommendation},
  author={Yuan, Quan and Cong, Gao and Ma, Zongyang and Sun, Aixin and Thalmann, Nadia Magnenat},
  booktitle={Proceedings of the 36th international ACM SIGIR conference on Research and development in information retrieval},
  pages={363--372},
  year={2013},
  organization={ACM}
}
@article{zhang2015igeorec,
  title={iGeoRec: A personalized and efficient geographical location recommendation framework},
  author={Zhang, Jia-Dong and Chow, Chi-Yin and Li, Yanhua},
  journal={IEEE Transactions on Services Computing},
  volume={8},
  number={5},
  pages={701--714},
  year={2015},
  publisher={IEEE}
}
@article{tobler1970computer,
  title={A computer movie simulating urban growth in the Detroit region},
  author={Tobler, Waldo R},
  journal={Economic geography},
  volume={46},
  number={sup1},
  pages={234--240},
  year={1970},
  publisher={Taylor \& Francis}
}
@inproceedings{ye2010location,
  title={Location recommendation for location-based social networks},
  author={Ye, Mao and Yin, Peifeng and Lee, Wang-Chien},
  booktitle={Proceedings of the 18th SIGSPATIAL international conference on advances in geographic information systems},
  pages={458--461},
  year={2010},
  organization={ACM}
}
@inproceedings{jamali2010matrix,
  title={A matrix factorization technique with trust propagation for recommendation in social networks},
  author={Jamali, Mohsen and Ester, Martin},
  booktitle={Proceedings of the fourth ACM conference on Recommender systems},
  pages={135--142},
  year={2010},
  organization={ACM}
}

@inproceedings{ma2008sorec,
  title={Sorec: social recommendation using probabilistic matrix factorization},
  author={Ma, Hao and Yang, Haixuan and Lyu, Michael R and King, Irwin},
  booktitle={Proceedings of the 17th ACM conference on Information and knowledge management},
  pages={931--940},
  year={2008},
  organization={ACM}
}
@article{golbeck2006generating,
  title={Generating predictive movie recommendations from trust in social networks},
  author={Golbeck, Jennifer},
  journal={Trust Management},
  pages={93--104},
  year={2006},
  publisher={Springer}
}

@inproceedings{massa2007trust,
  title={Trust-aware recommender systems},
  author={Massa, Paolo and Avesani, Paolo},
  booktitle={Proceedings of the 2007 ACM conference on Recommender systems},
  pages={17--24},
  year={2007},
  organization={ACM}
}
@inproceedings{jamali2009trustwalker,
  title={Trustwalker: a random walk model for combining trust-based and item-based recommendation},
  author={Jamali, Mohsen and Ester, Martin},
  booktitle={Proceedings of the 15th ACM SIGKDD international conference on Knowledge discovery and data mining},
  pages={397--406},
  year={2009},
  organization={ACM}
}
@inproceedings{cheng2012fused,
  title={Fused Matrix Factorization with Geographical and Social Influence in Location-Based Social Networks.},
  author={Cheng, Chen and Yang, Haiqin and King, Irwin and Lyu, Michael R},
  booktitle={Aaai},
  volume={12},
  pages={17--23},
  year={2012}
}
@inproceedings{berjani2011recommendation,
  title={A recommendation system for spots in location-based online social networks},
  author={Berjani, Betim and Strufe, Thorsten},
  booktitle={Proceedings of the 4th Workshop on Social Network Systems},
  pages={4},
  year={2011},
  organization={ACM}
}
@article{koren2009matrix,
  title={Matrix factorization techniques for recommender systems},
  author={Koren, Yehuda and Bell, Robert and Volinsky, Chris},
  journal={Computer},
  volume={42},
  number={8},
  year={2009},
  publisher={IEEE}
}
@inproceedings{lee2001algorithms,
  title={Algorithms for non-negative matrix factorization},
  author={Lee, Daniel D and Seung, H Sebastian},
  booktitle={Advances in neural information processing systems},
  pages={556--562},
  year={2001}
}
@inproceedings{mnih2008probabilistic,
  title={Probabilistic matrix factorization},
  author={Mnih, Andriy and Salakhutdinov, Ruslan R},
  booktitle={Advances in neural information processing systems},
  pages={1257--1264},
  year={2008}
}
@inproceedings{breese1998empirical,
  title={Empirical analysis of predictive algorithms for collaborative filtering},
  author={Breese, John S and Heckerman, David and Kadie, Carl},
  booktitle={Proceedings of the Fourteenth conference on Uncertainty in artificial intelligence},
  pages={43--52},
  year={1998},
  organization={Morgan Kaufmann Publishers Inc.}
}
@article{linden2003amazon,
  title={Amazon. com recommendations: Item-to-item collaborative filtering},
  author={Linden, Greg and Smith, Brent and York, Jeremy},
  journal={IEEE Internet computing},
  volume={7},
  number={1},
  pages={76--80},
  year={2003},
  publisher={IEEE}
}
@inproceedings{sarwar2001item,
  title={Item-based collaborative filtering recommendation algorithms},
  author={Sarwar, Badrul and Karypis, George and Konstan, Joseph and Riedl, John},
  booktitle={Proceedings of the 10th international conference on World Wide Web},
  pages={285--295},
  year={2001},
  organization={ACM}
}

@inproceedings{ye2011exploiting,
  title={Exploiting geographical influence for collaborative point-of-interest recommendation},
  author={Ye, Mao and Yin, Peifeng and Lee, Wang-Chien and Lee, Dik-Lun},
  booktitle={Proceedings of the 34th international ACM SIGIR conference on Research and development in Information Retrieval},
  pages={325--334},
  year={2011},
  organization={ACM}
}

@inproceedings{berjani2011recommendation,
  title={A recommendation system for spots in location-based online social networks},
  author={Berjani, Betim and Strufe, Thorsten},
  booktitle={Proceedings of the 4th Workshop on Social Network Systems},
  pages={4},
  year={2011},
  organization={ACM}
}

@inproceedings{wang2011human,
  title={Human mobility, social ties, and link prediction},
  author={Wang, Dashun and Pedreschi, Dino and Song, Chaoming and Giannotti, Fosca and Barabasi, Albert-Laszlo},
  booktitle={Proceedings of the 17th ACM SIGKDD international conference on Knowledge discovery and data mining},
  pages={1100--1108},
  year={2011},
  organization={ACM}
}
@inproceedings{gaito2011mobility,
  title={From mobility data to social attitudes: a complex network approach},
  author={Gaito, S and Rossi, GP and Zignani, M},
  booktitle={NEMOâ€™11: Proc. International Workshop on Finding Patterns of Human Behaviors in Networks and Mobility Data},
  pages={52--65},
  year={2011}
}
@article{crandall2010inferring,
  title={Inferring social ties from geographic coincidences},
  author={Crandall, David J and Backstrom, Lars and Cosley, Dan and Suri, Siddharth and Huttenlocher, Daniel and Kleinberg, Jon},
  journal={Proceedings of the National Academy of Sciences},
  volume={107},
  number={52},
  pages={22436--22441},
  year={2010},
  publisher={National Acad Sciences}
}
@inproceedings{xiao2010finding,
  title={Finding similar users using category-based location history},
  author={Xiao, Xiangye and Zheng, Yu and Luo, Qiong and Xie, Xing},
  booktitle={Proceedings of the 18th SIGSPATIAL International Conference on Advances in Geographic Information Systems},
  pages={442--445},
  year={2010},
  organization={ACM}
}
@article{zheng2011recommending,
  title={Recommending friends and locations based on individual location history},
  author={Zheng, Yu and Zhang, Lizhu and Ma, Zhengxin and Xie, Xing and Ma, Wei-Ying},
  journal={ACM Transactions on the Web (TWEB)},
  volume={5},
  number={1},
  pages={5},
  year={2011},
  publisher={ACM}
}
@inproceedings{ying2011semantic,
  title={Semantic trajectory mining for location prediction},
  author={Ying, Josh Jia-Ching and Lee, Wang-Chien and Weng, Tz-Chiao and Tseng, Vincent S},
  booktitle={Proceedings of the 19th ACM SIGSPATIAL International Conference on Advances in Geographic Information Systems},
  pages={34--43},
  year={2011},
  organization={ACM}
}
@inproceedings{zheng2008understanding,
  title={Understanding mobility based on GPS data},
  author={Zheng, Yu and Li, Quannan and Chen, Yukun and Xie, Xing and Ma, Wei-Ying},
  booktitle={Proceedings of the 10th international conference on Ubiquitous computing},
  pages={312--321},
  year={2008},
  organization={ACM}
}
@inproceedings{palma2008clustering,
  title={A clustering-based approach for discovering interesting places in trajectories},
  author={Palma, Andrey Tietbohl and Bogorny, Vania and Kuijpers, Bart and Alvares, Luis Otavio},
  booktitle={Proceedings of the 2008 ACM symposium on Applied computing},
  pages={863--868},
  year={2008},
  organization={ACM}
}
@article{yan2013semantic,
  title={Semantic trajectories: Mobility data computation and annotation},
  author={Yan, Zhixian and Chakraborty, Dipanjan and Parent, Christine and Spaccapietra, Stefano and Aberer, Karl},
  journal={ACM Transactions on Intelligent Systems and Technology (TIST)},
  volume={4},
  number={3},
  pages={49},
  year={2013},
  publisher={ACM}
}
@article{wang2013semantic,
  title={Semantic trajectory-based event detection and event pattern mining},
  author={Wang, Xiaofeng and Li, Gang and Jiang, Guang and Shi, Zhongzhi},
  journal={Knowledge and information systems},
  pages={1--25},
  year={2013},
  publisher={Springer}
}
@inproceedings{greenfeld2002matching,
  title={Matching GPS observations to locations on a digital map},
  author={Greenfeld, Joshua S},
  booktitle={81th annual meeting of the transportation research board},
  volume={1},
  number={3},
  pages={164--173},
  year={2002}
}

@article{chen2003integrated,
  title={Integrated vehicle navigation system for urban applications},
  author={Chen, W and Yu, M and Li, ZL and Chen, YQ},
  year={2003}
}

@inproceedings{newson2009hidden,
  title={Hidden Markov map matching through noise and sparseness},
  author={Newson, Paul and Krumm, John},
  booktitle={Proceedings of the 17th ACM SIGSPATIAL international conference on advances in geographic information systems},
  pages={336--343},
  year={2009},
  organization={ACM}
}

@inproceedings{shekhar2003processing,
  title={Processing in-route nearest neighbor queries: a comparison of alternative approaches},
  author={Shekhar, Shashi and Yoo, Jin Soung},
  booktitle={Proceedings of the 11th ACM international symposium on Advances in geographic information systems},
  pages={9--16},
  year={2003},
  organization={ACM}
}

@inproceedings{shang2010best,
  title={Best point detour query in road networks},
  author={Shang, Shuo and Deng, Ke and Xie, Kexin},
  booktitle={Proceedings of the 18th SIGSPATIAL International Conference on Advances in Geographic Information Systems},
  pages={71--80},
  year={2010},
  organization={ACM}
}

@article{yuan2017review,
  title={A review of moving object trajectory clustering algorithms},
  author={Yuan, Guan and Sun, Penghui and Zhao, Jie and Li, Daxing and Wang, Canwei},
  journal={Artificial Intelligence Review},
  volume={47},
  number={1},
  pages={123--144},
  year={2017},
  publisher={Springer}
}

@incollection{kisilevich2009spatio,
  title={Spatio-temporal clustering: a survey},
  author={Kisilevich, Slava and Mansmann, Florian and Nanni, Mirco and Rinzivillo, Salvatore},
  booktitle={Data mining and knowledge discovery handbook},
  pages={855--874},
  year={2009},
  publisher={Springer}
}
@article{birant2007st,
  title={ST-DBSCAN: An algorithm for clustering spatial--temporal data},
  author={Birant, Derya and Kut, Alp},
  journal={Data \& Knowledge Engineering},
  volume={60},
  number={1},
  pages={208--221},
  year={2007},
  publisher={Elsevier}
}


@inproceedings{shao2017Cosync,
  title={Synchronization-inspired Co-clustering and Its Application to Gene Expression Data},
  author={Shao, Junming and Gao, Chongming and Zeng, Wei and Song, Jingkuan and Yang, Qinli},
  booktitle={2017 IEEE 11th International Conference on Data Mining (ICDM)},
  organization={IEEE}
}

@phdthesis{shao2011synchronization,
  title={Synchronization Inspired Data Mining},
  author={Shao, Junming},
  year={2011},
  school={lmu}
}

@article{shao2017synchronization,
  title={Synchronization-based scalable subspace clustering of high-dimensional data},
  author={Shao, Junming and Wang, Xinzuo and Yang, Qinli and Plant, Claudia and B{\"o}hm, Christian},
  journal={Knowledge and Information Systems},
  volume={52},
  number={1},
  pages={83--111},
  year={2017},
  publisher={Springer}
}

@Inbook{Shao2010,
author="Shao, Junming
and B{\"o}hm, Christian
and Yang, Qinli
and Plant, Claudia",
editor="Balc{\'a}zar, Jos{\'e} Luis
and Bonchi, Francesco
and Gionis, Aristides
and Sebag, Mich{\`e}le",
chapter="Synchronization Based Outlier Detection",
title="Machine Learning and Knowledge Discovery in Databases: European Conference, ECML PKDD 2010, Barcelona, Spain, September 20-24, 2010, Proceedings, Part III",
year="2010",
publisher="Springer Berlin Heidelberg",
address="Berlin, Heidelberg",
pages="245--260",
isbn="978-3-642-15939-8",
doi="10.1007/978-3-642-15939-8_16",
url="http://dx.doi.org/10.1007/978-3-642-15939-8_16"
}


@article{shao2017robust,
  title={Robust Prototype-based Learning on Data Streams},
  author={Shao, Junming and Huang, Feng and Yang, Qinli and Luo, Guangchun},
  journal={IEEE Transactions on Knowledge and Data Engineering},
  year={2017},
  publisher={IEEE}
}

@inproceedings{gotsman2013compact,
  title={Compact representation of GPS trajectories over vectorial road networks},
  author={Gotsman, Ranit and Kanza, Yaron},
  booktitle={International Symposium on Spatial and Temporal Databases},
  pages={241--258},
  year={2013},
  organization={Springer}
}

@inproceedings{meratnia2004spatiotemporal,
  title={Spatiotemporal compression techniques for moving point objects},
  author={Meratnia, Nirvana and Rolf, A},
  booktitle={International Conference on Extending Database Technology},
  pages={765--782},
  year={2004},
  organization={Springer}
}
@article{muckell2014compression,
  title={Compression of trajectory data: a comprehensive evaluation and new approach},
  author={Muckell, Jonathan and Olsen, Paul W and Hwang, Jeong-Hyon and Lawson, Catherine T and Ravi, SS},
  journal={GeoInformatica},
  volume={18},
  number={3},
  pages={435--460},
  year={2014},
  publisher={Springer}
}
@inproceedings{liu2015bounded,
  title={Bounded quadrant system: Error-bounded trajectory compression on the go},
  author={Liu, Jiajun and Zhao, Kun and Sommer, Philipp and Shang, Shuo and Kusy, Brano and Jurdak, Raja},
  booktitle={2015 IEEE 31st International Conference on Data Engineering (ICDE)},
  pages={987--998},
  year={2015},
  organization={IEEE}
}
@inproceedings{chen2009trajectory,
  title={Trajectory simplification method for location-based social networking services},
  author={Chen, Yukun and Jiang, Kai and Zheng, Yu and Li, Chunping and Yu, Nenghai},
  booktitle={Proceedings of the 2009 International Workshop on Location Based Social Networks},
  pages={33--40},
  year={2009},
  organization={ACM}
}
@inproceedings{liu2014compressing,
  title={Compressing large scale urban trajectory data},
  author={Liu, Kuien and Li, Yaguang and Dai, Jian and Shang, Shuo and Zheng, Kai},
  booktitle={Proceedings of the Fourth International Workshop on Cloud Data and Platforms},
  pages={3},
  year={2014},
  organization={ACM}
}
@article{schmid2009semantic,
  title={Semantic trajectory compression},
  author={Schmid, Falko and Richter, Kai-Florian and Laube, Patrick},
  journal={Advances in Spatial and Temporal Databases},
  pages={411--416},
  year={2009},
  publisher={Springer}
}
@article{richter2012semantic,
  title={Semantic trajectory compression: Representing urban movement in a nutshell},
  author={Richter, Kai-Florian and Schmid, Falko and Laube, Patrick},
  journal={Journal of Spatial Information Science},
  volume={2012},
  number={4},
  pages={3--30},
  year={2012}
}
@article{sun2016overview,
  title={An Overview of Moving Object Trajectory Compression Algorithms},
  author={Sun, Penghui and Xia, Shixiong and Yuan, Guan and Li, Daxing},
  journal={Mathematical Problems in Engineering},
  volume={2016},
  year={2016},
  publisher={Hindawi Publishing Corporation}
}
\
@article{lin2017one,
  title={One-pass error bounded trajectory simplification},
  author={Lin, Xuelian and Ma, Shuai and Zhang, Han and Wo, Tianyu and Huai, Jinpeng},
  journal={Proceedings of the VLDB Endowment},
  volume={10},
  number={7},
  pages={841--852},
  year={2017},
  publisher={VLDB Endowment}
}
@inproceedings{trajcevski2006line,
  title={On-line data reduction and the quality of history in moving objects databases},
  author={Trajcevski, Goce and Cao, Hu and Scheuermanny, Peter and Wolfsonz, Ouri and Vaccaro, Dennis},
  booktitle={Proceedings of the 5th ACM International Workshop on Data Engineering for Wireless and Mobile Sccess},
  pages={19--26},
  year={2006},
  organization={ACM}
}

@article{douglas1973algorithms,
  title={Algorithms for the reduction of the number of points required to represent a digitized line or its caricature},
  author={Douglas, David H and Peucker, Thomas K},
  journal={Cartographica: The International Journal for Geographic Information and Geovisualization},
  volume={10},
  number={2},
  pages={112--122},
  year={1973},
  publisher={University of Toronto Press}
}

@inproceedings{chen2009trajectory,
  title={Trajectory simplification method for location-based social networking services},
  author={Chen, Yukun and Jiang, Kai and Zheng, Yu and Li, Chunping and Yu, Nenghai},
  booktitle={Proceedings of the 2009 International Workshop on Location Based Social Networks},
  pages={33--40},
  year={2009},
  organization={ACM}
}

@inproceedings{paefgen2011gps,
  title={GPS trajectory feature extraction for driver risk profiling},
  author={Paefgen, Johannes and Michahelles, Florian and Staake, Thorsten},
  booktitle={Proceedings of the 2011 international workshop on Trajectory data mining and analysis},
  pages={53--56},
  year={2011}
}


@inproceedings{jiang2016route,
  title={Route planning for locations based on trajectory segments},
  author={Jiang, Jinsheng and Xu, Chong and Xu, Jian and Xu, Ming and Zheng, Ning and Kong, Kaiwei},
  booktitle={Proceedings of the 2nd ACM SIGSPATIAL Workshop on Smart Cities and Urban Analytics},
  pages={6},
  year={2016}
}

@article{seliger2002plasticity,
  title={Plasticity and learning in a network of coupled phase oscillators},
  author={Seliger, Philip and Young, Stephen C and Tsimring, Lev S},
  journal={Physical Review E},
  volume={65},
  number={4},
  pages={041906},
  year={2002},
  publisher={APS}
}

@article{DBLP:journals/tkde/ShaoHBYP13,
  author    = {Junming Shao and
               Xiao He and
               Christian B{\"{o}}hm and
               Qinli Yang and
               Claudia Plant},
  title     = {Synchronization-Inspired Partitioning and Hierarchical Clustering},
  journal   = {IEEE Transactions on Knowledge and Data Engineering},
  volume    = {25},
  number    = {4},
  pages     = {893--905},
  year      = {2013},
}

@article{aeyels2008mathematical,
  title={A mathematical model for the dynamics of clustering},
  author={Aeyels, Dirk and De Smet, Filip},
  journal={Physica D: Nonlinear Phenomena},
  volume={237},
  number={19},
  pages={2517--2530},
  year={2008}
}

@article{DBLP:journals/bmcbi/KimBT08,
  author    = {Chang Sik Kim and
               Cheol Soo Bae and
               Hong Joon Tcha},
  title     = {A phase synchronization clustering algorithm for identifying interesting
               groups of genes from cell cycle expression data},
  journal   = {{BMC} Bioinformatics},
  volume    = {9},
  year      = {2008},
}

@article{ando2015ensemble,
  title={Ensemble anomaly detection from multi-resolution trajectory features},
  author={Ando, Shin and Thanomphongphan, Theerasak and Seki, Yoichi and Suzuki, Einoshin},
  journal={Data Mining and Knowledge Discovery},
  volume={29},
  number={1},
  pages={39--83},
  year={2015}
}

@inproceedings{ardakani2017encoding,
  title={Encoding bird's trajectory using Recurrent Neural Networks},
  author={Ardakani, Ilya S and Hashimoto, Koichi},
  booktitle={IEEE International Conference on Mechatronics and Automation},
  pages={1644--1649},
  year={2017}
}

@article{gariel2011trajectory,
  title={Trajectory clustering and an application to airspace monitoring},
  author={Gariel, Maxime and Srivastava, Ashok N and Feron, Eric},
  journal={IEEE Transactions on Intelligent Transportation Systems},
  volume={12},
  number={4},
  pages={1511--1524},
  year={2011}
}

@inproceedings{eckstein2009automated,
  title={Automated flight track taxonomy for measuring benefits from performance based navigation},
  author={Eckstein, Adric},
  booktitle={Integrated Communications, Navigation and Surveillance Conference, 2009. ICNS'09.},
  pages={1--12},
  year={2009}
}

@inproceedings{naftel2006motion,
  title={Motion trajectory learning in the DFT-coefficient feature space},
  author={Naftel, Andrew and Khalid, Shehzad},
  booktitle={International Conference on Computer Vision Systems},
  pages={47--47},
  year={2006},
}




@inproceedings{annoni2012analysis,
  title={Analysis of aircraft trajectories using fourier descriptors and kernel density estimation},
  author={Annoni, Ronald and Forster, Carlos HQ},
  booktitle={15th International {IEEE} Conference on Intelligent Transportation Systems},
  pages={1441--1446},
  year={2012}
}

@inproceedings{blacoe2012comparison,
  title={A comparison of vector-based representations for semantic composition},
  author={Blacoe, William and Lapata, Mirella},
  booktitle={Proceedings of the 2012 Joint Conference on Empirical Methods in Natural Language Processing and Computational Natural Language Learning},
  pages={546--556},
  year={2012},
}

@inproceedings{feng2017poi2vec,
  title={POI2Vec: Geographical Latent Representation for Predicting Future Visitors},
  author={Feng, Shanshan and Cong, Gao and An, Bo and Chee, Yeow Meng},
  booktitle={Proceedings of the 22nd {ACM} {SIGKDD} International Conference on Knowledge Discovery and Data Mining},
  pages={102--108},
  year={2017}
}
@inproceedings{feng2015personalized,
  title={Personalized Ranking Metric Embedding for Next New POI Recommendation},
  author={Feng, Shanshan and Li, Xutao and Zeng, Yifeng and Cong, Gao and Chee, Yeow Meng and Yuan, Quan},
  booktitle={Proceedings of the 24th International Joint Conference on Artificial Intelligence},
  pages={2069--2075},
  year={2015}
}
@inproceedings{yanardag2015deep,
  title={Deep graph kernels},
  author={Yanardag, Pinar and Vishwanathan, SVN},
  booktitle={Proceedings of the 21th ACM SIGKDD International Conference on Knowledge Discovery and Data Mining},
  pages={1365--1374},
  year={2015},
}
@inproceedings{grover2016node2vec,
  title={node2vec: Scalable feature learning for networks},
  author={Grover, Aditya and Leskovec, Jure},
  booktitle={Proceedings of the 22nd ACM SIGKDD International Conference on Knowledge Discovery and Data Mining},
  pages={855--864},
  year={2016},
}
@article{wieting2015towards,
  title={Towards universal paraphrastic sentence embeddings},
  author={Wieting, John and Bansal, Mohit and Gimpel, Kevin and Livescu, Karen},
  journal={arXiv preprint arXiv:1511.08198},
  year={2015}
}
@article{adi2016fine,
  title={Fine-grained analysis of sentence embeddings using auxiliary prediction tasks},
  author={Adi, Yossi and Kermany, Einat and Belinkov, Yonatan and Lavi, Ofer and Goldberg, Yoav},
  journal={arXiv preprint arXiv:1608.04207},
  year={2016}
}
@inproceedings{mikolov2013distributed,
  title={Distributed representations of words and phrases and their compositionality},
  author={Mikolov, Tomas and Sutskever, Ilya and Chen, Kai and Corrado, Greg S and Dean, Jeff},
  booktitle={Advances in Neural Information Processing Systems 26},
  pages={3111--3119},
  year={2013}
}
@article{mikolov2013efficient,
  title={Efficient estimation of word representations in vector space},
  author={Mikolov, Tomas and Chen, Kai and Corrado, Greg and Dean, Jeffrey},
  journal={arXiv preprint arXiv:1301.3781},
  year={2013}
}
@inproceedings{Ying:2011:STM:2093973.2093980,
 author = {Ying, Josh Jia-Ching and Lee, Wang-Chien and Weng, Tz-Chiao and Tseng, Vincent S.},
 title = {Semantic Trajectory Mining for Location Prediction},
 booktitle = {Proceedings of the 19th ACM SIGSPATIAL International Conference on Advances in Geographic Information Systems},
 year = {2011},
 pages = {34--43},
} 
@article{Yan:2013:STM:2483669.2483682,
 author = {Yan, Zhixian and Chakraborty, Dipanjan and Parent, Christine and Spaccapietra, Stefano and Aberer, Karl},
 title = {Semantic Trajectories: Mobility Data Computation and Annotation},
 journal = {ACM Transactions on Intelligent Systems and Technology },
 volume = {4},
 number = {3},
 year = {2013},
 pages = {49:1--49:38},
} 

@techreport{eiter1994computing,
  title={Computing discrete Fr{\'e}chet distance},
  author={Eiter, Thomas and Mannila, Heikki},
  year={1994},
  institution={CD-TR 94/64, Information Systems Department, Technical University of Vienna}
}

@article{paterson1994longest,
  title={Longest common subsequences},
  author={Paterson, Mike and Dan{\v{c}}{\'\i}k, Vlado},
  journal={Mathematical Foundations of Computer Science 1994},
  pages={127--142},
  year={1994}
}
@inproceedings{chen2004marriage,
  title={On the marriage of lp-norms and edit distance},
  author={Chen, Lei and Ng, Raymond},
  booktitle={Proceedings of the 30th International Conference on Very Large Data Bases},
  pages={792--803},
  year={2004}
}

@inproceedings{berndt1994using,
  title={Using dynamic time warping to find patterns in time series.},
  author={Berndt, Donald J and Clifford, James},
  booktitle={Knowledge Discovery in Databases: Papers from the 1994 {AAAI} Workshop},
  volume={10},
  number={16},
  pages={359--370},
  year={1994},
}

@inproceedings{cho2011friendship,
  title={Friendship and mobility: user movement in location-based social networks},
  author={Cho, Eunjoon and Myers, Seth A and Leskovec, Jure},
  booktitle={Proceedings of the 17th ACM SIGKDD international conference on Knowledge Discovery and Data Mining},
  pages={1082--1090},
  year={2011}
}
@article{yuan2017review,
  title={A review of moving object trajectory clustering algorithms},
  author={Yuan, Guan and Sun, Penghui and Zhao, Jie and Li, Daxing and Wang, Canwei},
  journal={Artificial Intelligence Review},
  volume={47},
  number={1},
  pages={123--144},
  year={2017}
}

@inproceedings{phan2005flow,
  title={Flow map layout},
  author={Phan, Doantam and Xiao, Ling and Yeh, Ron and Hanrahan, Pat},
  booktitle={Information Visualization, 2005. INFOVIS 2005. IEEE Symposium on},
  pages={219--224},
  year={2005}
}

@inproceedings{yuan2010t,
  title={T-drive: driving directions based on taxi trajectories},
  author={Yuan, Jing and Zheng, Yu and Zhang, Chengyang and Xie, Wenlei and Xie, Xing and Sun, Guangzhong and Huang, Yan},
  booktitle={Proceedings of the 18th SIGSPATIAL International conference on advances in geographic information systems},
  pages={99--108},
  year={2010}
}

@article{gupta2014kuramoto,
  title={Kuramoto model of synchronization: equilibrium and nonequilibrium aspects},
  author={Gupta, Shamik and Campa, Alessandro and Ruffo, Stefano},
  journal={Journal of Statistical Mechanics: Theory and Experiment},
  volume={2014},
  number={8},
  pages={R08001},
  year={2014},
  publisher={IOP Publishing}
}

@article{friedman1977algorithm,
  title={An algorithm for finding best matches in logarithmic expected time},
  author={Friedman, Jerome H and Bentley, Jon Louis and Finkel, Raphael Ari},
  journal={ACM Transactions on Mathematical Software (TOMS)},
  volume={3},
  number={3},
  pages={209--226},
  year={1977},
  publisher={ACM}
}
@inproceedings{kuramoto1975self,
  title={Self-entrainment of a population of coupled non-linear oscillators},
  author={Kuramoto, Yoshiki},
  booktitle={International symposium on mathematical problems in theoretical physics},
  pages={420--422},
  year={1975}
}

@article{arenas2008synchronization,
  title={Synchronization in complex networks},
  author={Arenas, Alex and D{\'\i}az-Guilera, Albert and Kurths, Jurgen and Moreno, Yamir and Zhou, Changsong},
  journal={Physics reports},
  volume={469},
  number={3},
  pages={93--153},
  year={2008},
  publisher={Elsevier}
}

@article{acebron2005kuramoto,
  title={The Kuramoto model: A simple paradigm for synchronization phenomena},
  author={Acebr{\'o}n, Juan A and Bonilla, Luis L and Vicente, Conrad J P{\'e}rez and Ritort, F{\'e}lix and Spigler, Renato},
  journal={Reviews of modern physics},
  volume={77},
  number={1},
  pages={137},
  year={2005},
  publisher={APS}
}

@inproceedings{zheng2009mining,
  title={Mining interesting locations and travel sequences from GPS trajectories},
  author={Zheng, Yu and Zhang, Lizhu and Xie, Xing and Ma, Wei-Ying},
  booktitle={Proceedings of the 18th International Conference on World Wide Web},
  pages={791--800},
  year={2009}
}

@inproceedings{liu2016unified,
  title={Unified Point-of-Interest Recommendation with Temporal Interval Assessment},
  author={Liu, Yanchi and Liu, Chuanren and Liu, Bin and Qu, Meng and Xiong, Hui},
  booktitle={Proceedings of the 22nd ACM SIGKDD International Conference on Knowledge Discovery and Data Mining},
  pages={1015--1024},
  year={2016}
}
@inproceedings{wang2014travel,
  title={Travel time estimation of a path using sparse trajectories},
  author={Wang, Yilun and Zheng, Yu and Xue, Yexiang},
  booktitle={Proceedings of the 20th ACM SIGKDD international conference on Knowledge Discovery and Data Mining},
  pages={25--34},
  year={2014}
}

@inproceedings{wang2008flexible,
  title={A flexible spatio-temporal indexing scheme for large-scale GPS track retrieval},
  author={Wang, Longhao and Zheng, Yu and Xie, Xing and Ma, Wei-Ying},
  booktitle={9th International Conference on Mobile Data Management},
  pages={1--8},
  year={2008}
}
@inproceedings{pfoser2000novel,
  title={Novel approaches to the indexing of moving object trajectories.},
  author={Pfoser, Dieter and Jensen, Christian S and Theodoridis, Yannis and others},
  booktitle={VLDB},
  pages={395--406},
  year={2000}
}

@book{guttman1984r,
  title={R-trees: a dynamic index structure for spatial searching},
  author={Guttman, Antonin},
  volume={14},
  number={2},
  year={1984},
  publisher={ACM}
}


@inproceedings{wang2015regularity,
  title={Regularity and conformity: Location prediction using heterogeneous mobility data},
  author={Wang, Yingzi and Yuan, Nicholas Jing and Lian, Defu and Xu, Linli and Xie, Xing and Chen, Enhong and Rui, Yong},
  booktitle={Proceedings of the 21th ACM SIGKDD International Conference on Knowledge Discovery and Data Mining},
  pages={1275--1284},
  year={2015}
}
@inproceedings{zheng2015approximate,
  title={Approximate keyword search in semantic trajectory database},
  author={Zheng, Bolong and Yuan, Nicholas Jing and Zheng, Kai and Xie, Xing and Sadiq, Shazia and Zhou, Xiaofang},
  booktitle={Data Engineering (ICDE), 2015 IEEE 31st International Conference on},
  pages={975--986},
  year={2015}
}

@inproceedings{xue2013destination,
  title={Destination prediction by sub-trajectory synthesis and privacy protection against such prediction},
  author={Xue, Andy Yuan and Zhang, Rui and Zheng, Yu and Xie, Xing and Huang, Jin and Xu, Zhenghua},
  booktitle={Data Engineering (ICDE), 2013 IEEE 29th International Conference on},
  pages={254--265},
  year={2013}
}

@article{yuan2015discovering,
  title={Discovering urban functional zones using latent activity trajectories},
  author={Yuan, Nicholas Jing and Zheng, Yu and Xie, Xing and Wang, Yingzi and Zheng, Kai and Xiong, Hui},
  journal={IEEE Transactions on Knowledge and Data Engineering},
  volume={27},
  number={3},
  pages={712--725},
  year={2015}
}

@inproceedings{wang2014travel,
  title={Travel time estimation of a path using sparse trajectories},
  author={Wang, Yilun and Zheng, Yu and Xue, Yexiang},
  booktitle={Proceedings of the 20th ACM SIGKDD international conference on Knowledge discovery and data mining},
  pages={25--34},
  year={2014}
}

@inproceedings{shang2014inferring,
  title={Inferring gas consumption and pollution emission of vehicles throughout a city},
  author={Shang, Jingbo and Zheng, Yu and Tong, Wenzhu and Chang, Eric and Yu, Yong},
  booktitle={Proceedings of the 20th ACM SIGKDD international conference on Knowledge discovery and data mining},
  pages={1027--1036},
  year={2014}
}

@inproceedings{wei2012constructing,
  title={Constructing popular routes from uncertain trajectories},
  author={Wei, Ling-Yin and Zheng, Yu and Peng, Wen-Chih},
  booktitle={Proceedings of the 18th ACM SIGKDD international conference on Knowledge discovery and data mining},
  pages={195--203},
  year={2012}
}

@article{zhou2007discovering,
  title={Discovering personally meaningful places: An interactive clustering approach},
  author={Zhou, Changqing and Frankowski, Dan and Ludford, Pamela and Shekhar, Shashi and Terveen, Loren},
  journal={ACM Transactions on Information Systems (TOIS)},
  volume={25},
  number={3},
  pages={12},
  year={2007}
}
@inproceedings{ashbrook2002learning,
  title={Learning significant locations and predicting user movement with GPS},
  author={Ashbrook, Daniel and Starner, Thad},
  booktitle={Wearable Computers, 2002.(ISWC 2002). Proceedings. Sixth International Symposium on},
  pages={101--108},
  year={2002}
}
@article{ashbrook2003using,
  title={Using GPS to learn significant locations and predict movement across multiple users},
  author={Ashbrook, Daniel and Starner, Thad},
  journal={Personal and Ubiquitous computing},
  volume={7},
  number={5},
  pages={275--286},
  year={2003}
}

@inproceedings{chen2011discovering,
  title={Discovering popular routes from trajectories},
  author={Chen, Zaiben and Shen, Heng Tao and Zhou, Xiaofang},
  booktitle={Proceedings of the 27th International Conference on Data Engineering},
  pages={900--911},
  year={2011}
}
@article{jeung2008discovery,
  title={Discovery of convoys in trajectory databases},
  author={Jeung, Hoyoung and Yiu, Man Lung and Zhou, Xiaofang and Jensen, Christian S and Shen, Heng Tao},
  journal={Proceedings of the VLDB Endowment},
  volume={1},
  number={1},
  pages={1068--1080},
  year={2008}
}

@inproceedings{li2010mining,
  title={Mining periodic behaviors for moving objects},
  author={Li, Zhenhui and Ding, Bolin and Han, Jiawei and Kays, Roland and Nye, Peter},
  booktitle={Proceedings of the 16th ACM SIGKDD International Conference on Knowledge Discovery and Data Mining},
  pages={1099--1108},
  year={2010}
}

@article{xiao2014inferring,
  title={Inferring social ties between users with human location history},
  author={Xiao, Xiangye and Zheng, Yu and Luo, Qiong and Xie, Xing},
  journal={Journal of Ambient Intelligence and Humanized Computing},
  volume={5},
  number={1},
  pages={3--19},
  year={2014}
}

@inproceedings{ye2009mining,
  title={Mining individual life pattern based on location history},
  author={Ye, Yang and Zheng, Yu and Chen, Yukun and Feng, Jianhua and Xie, Xing},
  booktitle={Tenth International Conference on Mobile Data Management},
  pages={1--10},
  year={2009}
}

@article{zheng2011recommending,
  title={Recommending friends and locations based on individual location history},
  author={Zheng, Yu and Zhang, Lizhu and Ma, Zhengxin and Xie, Xing and Ma, Wei-Ying},
  journal={ACM Transactions on the Web},
  volume={5},
  number={1},
  pages={5},
  year={2011}
}

@inproceedings{li2010incremental,
  title={Incremental clustering for trajectories},
  author={Li, Zhenhui and Lee, Jae-Gil and Li, Xiaolei and Han, Jiawei},
  booktitle={International Conference on Database Systems for Advanced Applications},
  pages={32--46},
  year={2010}
}

@article{liao2007learning,
  title={Learning and inferring transportation routines},
  author={Liao, Lin and Patterson, Donald J and Fox, Dieter and Kautz, Henry},
  journal={Artificial Intelligence},
  volume={171},
  number={5-6},
  pages={311--331},
  year={2007}
}

@inproceedings{yin2004high,
  title={High-level goal recognition in a wireless LAN},
  author={Yin, Jie and Chai, Xiaoyong and Yang, Qiang},
  booktitle={Proceedings of the national Conference on Artificial Intelligence},
  pages={578--584},
  year={2004}
}

@inproceedings{patterson2003inferring,
  title={Inferring high-level behavior from low-level sensors},
  author={Patterson, Donald J and Liao, Lin and Fox, Dieter and Kautz, Henry},
  booktitle={International Conference on Ubiquitous Computing},
  pages={73--89},
  year={2003}
}

@article{adrienko2011spatial,
  title={Spatial generalization and aggregation of massive movement data},
  author={Adrienko, Natalia and Adrienko, Gennady},
  journal={IEEE Transactions on Visualization and Computer Graphics},
  volume={17},
  number={2},
  pages={205--219},
  year={2011}
}

@article{douglas1973algorithms,
  title={Algorithms for the reduction of the number of points required to represent a digitized line or its caricature},
  author={Douglas, David H and Peucker, Thomas K},
  journal={Cartographica: The International Journal for Geographic Information and Geovisualization},
  volume={10},
  number={2},
  pages={112--122},
  year={1973}
}

@article{bellman1961approximation,
  title={On the approximation of curves by line segments using dynamic programming},
  author={Bellman, Richard},
  journal={Communications of the ACM},
  volume={4},
  number={6},
  pages={284},
  year={1961}
}

@incollection{lee2011trajectory,
  title={Trajectory preprocessing},
  author={Lee, Wang-Chien and Krumm, John},
  booktitle={Computing with Spatial Trajectories},
  pages={3--33},
  year={2011}
}

@inproceedings{kellaris2009trajectory,
  title={Trajectory compression under network constraints},
  author={Kellaris, Georgios and Pelekis, Nikos and Theodoridis, Yannis},
  booktitle={International Symposium on Spatial and Temporal Databases},
  pages={392--398},
  year={2009}
}
@article{parent2013semantic,
  title={Semantic trajectories modeling and analysis},
  author={Parent, Christine and Spaccapietra, Stefano and Renso, Chiara and Andrienko, Gennady and Andrienko, Natalia and Bogorny, Vania and Damiani, Maria Luisa and Gkoulalas-Divanis, Aris and Macedo, Jose and Pelekis, Nikos and others},
  journal={ACM Computing Surveys},
  volume={45},
  number={4},
  pages={42},
  year={2013}
}

@article{song2014press,
  title={PRESS: A novel framework of trajectory compression in road networks},
  author={Song, Renchu and Sun, Weiwei and Zheng, Baihua and Zheng, Yu},
  journal={Proceedings of the VLDB Endowment},
  volume={7},
  number={9},
  pages={661--672},
  year={2014}
}

@inproceedings{zheng2008learning,
  title={Learning transportation mode from raw gps data for geographic applications on the web},
  author={Zheng, Yu and Liu, Like and Wang, Longhao and Xie, Xing},
  booktitle={Proceedings of the 17th International Conference on World Wide Web},
  pages={247--256},
  year={2008},
}

@inproceedings{alvares2009framework,
  title={A Framework for Trajectory Data Preprocessing for Data Mining.},
  author={Alvares, Luis Otavio and Oliveira, Gabriel and Heuser, Carlos A and Bogorny, Vania},
  booktitle={Proceedings of the 21st International Conference on Software Engineering {\&} Knowledge Engineering},
  pages={698--702},
  year={2009}
}

@article{spaccapietra2008conceptual,
  title={A conceptual view on trajectories},
  author={Spaccapietra, Stefano and Parent, Christine and Damiani, Maria Luisa and de Macedo, Jose Antonio and Porto, Fabio and Vangenot, Christelle},
  journal={Data \& Knowledge Engineering},
  volume={65},
  number={1},
  pages={126--146},
  year={2008},
  publisher={Elsevier}
}

@inproceedings{zheng2008understanding,
  title={Understanding mobility based on GPS data},
  author={Zheng, Yu and Li, Quannan and Chen, Yukun and Xie, Xing and Ma, Wei-Ying},
  booktitle={Proceedings of the 10th International Conference on Ubiquitous Computing},
  pages={312--321},
  year={2008},
}

@inproceedings{alvares2007model,
  title={A model for enriching trajectories with semantic geographical information},
  author={Alvares, Luis Otavio and Bogorny, Vania and Kuijpers, Bart and de Macedo, Jose Antonio Fernandes and Moelans, Bart and Vaisman, Alejandro},
  booktitle={15th {ACM} International Symposium on Geographic Information Systems},
  pages={22},
  year={2007}
}


@inproceedings{palma2008clustering,
  title={A clustering-based approach for discovering interesting places in trajectories},
  author={Palma, Andrey Tietbohl and Bogorny, Vania and Kuijpers, Bart and Alvares, Luis Otavio},
  booktitle={Proceedings of the 2008 ACM Symposium on Applied Computing},
  pages={863--868},
  year={2008},
  organization={ACM}
}

@article{hu2017if,
  title={IF-Matching: Towards Accurate Map-Matching with Information Fusion},
  author={Hu, Gang and Shao, Jie and Liu, Fenglin and Wang, Yuan and Shen, Heng Tao},
  journal={IEEE Transactions on Knowledge and Data Engineering},
  volume={29},
  number={1},
  pages={114--127},
  year={2017},
  publisher={IEEE}
}
@article{zheng2011learning,
  title={Learning travel recommendations from user-generated GPS traces},
  author={Zheng, Yu and Xie, Xing},
  journal={ACM Transactions on Intelligent Systems and Technology},
  volume={2},
  number={1},
  pages={2},
  year={2011},
  publisher={ACM}
}

@inproceedings{li2008mining,
  title={Mining user similarity based on location history},
  author={Li, Quannan and Zheng, Yu and Xie, Xing and Chen, Yukun and Liu, Wenyu and Ma, Wei-Ying},
  booktitle={Proceedings of the 16th ACM SIGSPATIAL International Symposium on Advances in Geographic Information Systems},
  pages={34},
  year={2008},
}

@article{yuan2013t,
  title={T-finder: A recommender system for finding passengers and vacant taxis},
  author={Yuan, Nicholas Jing and Zheng, Yu and Zhang, Liuhang and Xie, Xing},
  journal={IEEE Transactions on Knowledge and Data Engineering},
  volume={25},
  number={10},
  pages={2390--2403},
  year={2013},
  publisher={IEEE}
}



@article{zheng2015trajectory,
  title={Trajectory data mining: an overview},
  author={Zheng, Yu},
  journal={ACM Transactions on Intelligent Systems and Technology},
  volume={6},
  number={3},
  pages={29},
  year={2015},
  publisher={ACM}
}

DTW, not cited 
@article{agrawal1993efficient,
  title={Efficient similarity search in sequence databases},
  author={Agrawal, Rakesh and Faloutsos, Christos and Swami, Arun},
  journal={Foundations of data organization and algorithms},
  pages={69--84},
  year={1993},
  publisher={Springer}
}

DTW, not cited 
@article{sankoff1983time,
  title={Time warps, string edits, and macromolecules: the theory and practice of sequence comparison},
  author={Sankoff, David and Kruskal, Joseph B},
  journal={Reading: Addison-Wesley Publication, 1983, edited by Sankoff, David; Kruskal, Joseph B.},
  volume={1},
  year={1983}
}

@inproceedings{giannotti2007trajectory,
  title={Trajectory pattern mining},
  author={Giannotti, Fosca and Nanni, Mirco and Pinelli, Fabio and Pedreschi, Dino},
  booktitle={Proceedings of the 13th ACM SIGKDD international conference on Knowledge discovery and data mining},
  pages={330--339},
  year={2007},
  organization={ACM}
}


@inproceedings{chen2005robust,
  title={Robust and fast similarity search for moving object trajectories},
  author={Chen, Lei and {\"O}zsu, M Tamer and Oria, Vincent},
  booktitle={Proceedings of the 2005 ACM SIGMOD international conference on Management of data},
  pages={491--502},
  year={2005},
  organization={ACM}
}

@inproceedings{lee2007trajectory,
  title={Trajectory clustering: a partition-and-group framework},
  author={Lee, Jae-Gil and Han, Jiawei and Whang, Kyu-Young},
  booktitle={Proceedings of the 2007 {ACM} {SIGMOD} International Conference on Management of Data},
  pages={593--604},
  year={2007},
}


@article{mazimpaka2016trajectory,
  title={Trajectory data mining: A review of methods and applications},
  author={Mazimpaka, Jean Damasc{\`e}ne and Timpf, Sabine},
  journal={Journal of Spatial Information Science},
  volume={2016},
  number={13},
  pages={61--99},
  year={2016}
}

@inproceedings{bohm2010clustering,
  title={Clustering by synchronization},
  author={B{\"o}hm, Christian and Plant, Claudia and Shao, Junming and Yang, Qinli},
  booktitle={Proceedings of the 16th {ACM} {SIGKDD} International Conference on Knowledge Discovery and Data Mining},
  pages={583--592},
  year={2010},
}


@inproceedings{shao2014prototype,
  title={Prototype-based learning on concept-drifting data streams},
  author={Shao, Junming and Ahmadi, Zahra and Kramer, Stefan},
  booktitle={Proceedings of the 20th ACM SIGKDD International Conference on Knowledge Discovery and Data Mining},
  pages={412--421},
  year={2014},
}

@article{shao2016scalable,
  title={Scalable clustering by iterative partitioning and point attractor representation},
  author={Shao, Junming and Yang, Qinli and Dang, Hoang-Vu and Schmidt, Bertil and Kramer, Stefan},
  journal={ACM Transactions on Knowledge Discovery from Data},
  volume={11},
  number={1},
  pages={5},
  year={2016},
  publisher={ACM}
}

@inproceedings{maurus2016skinny,
  title={Skinny-dip: Clustering in a Sea of Noise},
  author={Maurus, Samuel and Plant, Claudia},
  booktitle={Proceedings of the 22nd ACM SIGKDD International Conference on Knowledge Discovery and Data Mining},
  pages={1055--1064},
  year={2016},
}

@inproceedings{shao2015community,
  title={Community detection based on distance dynamics},
  author={Shao, Junming and Han, Zhichao and Yang, Qinli and Zhou, Tao},
  booktitle={Proceedings of the 21th ACM SIGKDD International Conference on Knowledge Discovery and Data Mining},
  pages={1075--1084},
  year={2015},
}
@article{bogorny2009st,
  title={ST-DMQL: a semantic trajectory data mining query language},
  author={Bogorny, Vania and Kuijpers, Bart and Alvares, Luis Otavio},
  journal={International Journal of Geographical Information Science},
  volume={23},
  number={10},
  pages={1245--1276},
  year={2009},
  publisher={Taylor \& Francis}
}

@article{alvares2007towards,
  title={Towards semantic trajectory knowledge discovery},
  author={Alvares, Luis Otavio and Bogorny, Vania and Kuijpers, Bart and Moelans, Bart and Fern, Jose Antonio and Macedo, ED and Palma, Andrey Tietbohl},
  journal={Data Mining and Knowledge Discovery},
  volume={12},
  year={2007}
}

@article{tai2015improved,
  title={Improved semantic representations from tree-structured long short-term memory networks},
  author={Tai, Kai Sheng and Socher, Richard and Manning, Christopher D},
  journal={arXiv preprint arXiv:1503.00075},
  year={2015}
}
@article{kalchbrenner2014convolutional,
  title={A convolutional neural network for modelling sentences},
  author={Kalchbrenner, Nal and Grefenstette, Edward and Blunsom, Phil},
  journal={arXiv preprint arXiv:1404.2188},
  year={2014}
}
@inproceedings{socher2011dynamic,
  title={Dynamic pooling and unfolding recursive autoencoders for paraphrase detection},
  author={Socher, Richard and Huang, Eric H and Pennin, Jeffrey and Manning, Christopher D and Ng, Andrew Y},
  booktitle={Advances in Neural Information Processing Systems},
  pages={801--809},
  year={2011}
}
@inproceedings{le2014distributed,
  title={Distributed representations of sentences and documents},
  author={Le, Quoc and Mikolov, Tomas},
  booktitle={Proceedings of the 31st International Conference on Machine Learning (ICML-14)},
  pages={1188--1196},
  year={2014}
}

@inproceedings{iyyer2015deep,
  title={Deep unordered composition rivals syntactic methods for text classification},
  author={Iyyer, Mohit and Manjunatha, Varun and Boyd-Graber, Jordan and Daum{\'e} III, Hal},
  booktitle={Proceedings of the 53rd Annual Meeting of the Association for Computational Linguistics and the 7th International Joint Conference on Natural Language Processing (Volume 1: Long Papers)},
  volume={1},
  pages={1681--1691},
  year={2015}
}

@article{mitchell2010composition,
  title={Composition in distributional models of semantics},
  author={Mitchell, Jeff and Lapata, Mirella},
  journal={Cognitive science},
  volume={34},
  number={8},
  pages={1388--1429},
  year={2010},
  publisher={Wiley Online Library}
}

@article{collobert2011natural,
  title={Natural language processing (almost) from scratch},
  author={Collobert, Ronan and Weston, Jason and Bottou, L{\'e}on and Karlen, Michael and Kavukcuoglu, Koray and Kuksa, Pavel},
  journal={Journal of Machine Learning Research},
  volume={12},
  number={Aug},
  pages={2493--2537},
  year={2011}
}

@article{bengio2003neural,
  title={A neural probabilistic language model},
  author={Bengio, Yoshua and Ducharme, R{\'e}jean and Vincent, Pascal and Jauvin, Christian},
  journal={Journal of machine learning research},
  volume={3},
  number={Feb},
  pages={1137--1155},
  year={2003}
}


@inproceedings{pennington2014glove,
  title={Glove: Global vectors for word representation},
  author={Pennington, Jeffrey and Socher, Richard and Manning, Christopher},
  booktitle={Proceedings of the 2014 conference on empirical methods in natural language processing (EMNLP)},
  pages={1532--1543},
  year={2014}
}

@article{wieting2015towards,
  title={Towards universal paraphrastic sentence embeddings},
  author={Wieting, John and Bansal, Mohit and Gimpel, Kevin and Livescu, Karen},
  booktitle={International Conference on Learning Representations},
  year={2016}
}

@article{arora2016simple,
  title={A simple but tough-to-beat baseline for sentence embeddings},
  author={Arora, Sanjeev and Liang, Yingyu and Ma, Tengyu},
  booktitle={International Conference on Learning Representations},
  year={2017}
}

@article{kavraki1996probabilistic,
  title={Probabilistic roadmaps for path planning in high-dimensional configuration spaces},
  author={Kavraki, Lydia E and Svestka, Petr and Latombe, J-C and Overmars, Mark H},
  journal={IEEE transactions on Robotics and Automation},
  volume={12},
  number={4},
  pages={566--580},
  year={1996},
  publisher={IEEE}
}

@inproceedings{paefgen2011gps,
  title={GPS trajectory feature extraction for driver risk profiling},
  author={Paefgen, Johannes and Michahelles, Florian and Staake, Thorsten},
  booktitle={Proceedings of the 2011 International workshop on Trajectory data mining and analysis},
  pages={53--56},
  year={2011}
}


@inproceedings{jiang2016route,
  title={Route planning for locations based on trajectory segments},
  author={Jiang, Jinsheng and Xu, Chong and Xu, Jian and Xu, Ming and Zheng, Ning and Kong, Kaiwei},
  booktitle={Proceedings of the 2nd ACM SIGSPATIAL Workshop on Smart Cities and Urban Analytics},
  pages={6},
  year={2016}
}

@article{seliger2002plasticity,
  title={Plasticity and learning in a network of coupled phase oscillators},
  author={Seliger, Philip and Young, Stephen C and Tsimring, Lev S},
  journal={Physical Review E},
  volume={65},
  number={4},
  pages={041906},
  year={2002},
  publisher={APS}
}

@article{DBLP:journals/tkde/ShaoHBYP13,
  author    = {Junming Shao and
               Xiao He and
               Christian B{\"{o}}hm and
               Qinli Yang and
               Claudia Plant},
  title     = {Synchronization-Inspired Partitioning and Hierarchical Clustering},
  journal   = {IEEE Transactions on Knowledge and Data Engineering},
  volume    = {25},
  number    = {4},
  pages     = {893--905},
  year      = {2013},
}

@article{aeyels2008mathematical,
  title={A mathematical model for the dynamics of clustering},
  author={Aeyels, Dirk and De Smet, Filip},
  journal={Physica D: Nonlinear Phenomena},
  volume={237},
  number={19},
  pages={2517--2530},
  year={2008}
}

@article{DBLP:journals/bmcbi/KimBT08,
  author    = {Chang Sik Kim and
               Cheol Soo Bae and
               Hong Joon Tcha},
  title     = {A phase synchronization clustering algorithm for identifying interesting
               groups of genes from cell cycle expression data},
  journal   = {{BMC} Bioinformatics},
  volume    = {9},
  year      = {2008},
}

@article{ando2015ensemble,
  title={Ensemble anomaly detection from multi-resolution trajectory features},
  author={Ando, Shin and Thanomphongphan, Theerasak and Seki, Yoichi and Suzuki, Einoshin},
  journal={Data Mining and Knowledge Discovery},
  volume={29},
  number={1},
  pages={39--83},
  year={2015}
}

@inproceedings{ardakani2017encoding,
  title={Encoding bird's trajectory using Recurrent Neural Networks},
  author={Ardakani, Ilya S and Hashimoto, Koichi},
  booktitle={IEEE International Conference on Mechatronics and Automation},
  pages={1644--1649},
  year={2017}
}

@article{gariel2011trajectory,
  title={Trajectory clustering and an application to airspace monitoring},
  author={Gariel, Maxime and Srivastava, Ashok N and Feron, Eric},
  journal={IEEE Transactions on Intelligent Transportation Systems},
  volume={12},
  number={4},
  pages={1511--1524},
  year={2011}
}

@inproceedings{eckstein2009automated,
  title={Automated flight track taxonomy for measuring benefits from performance based navigation},
  author={Eckstein, Adric},
  booktitle={Integrated Communications, Navigation and Surveillance Conference, 2009. ICNS'09.},
  pages={1--12},
  year={2009}
}

@inproceedings{naftel2006motion,
  title={Motion trajectory learning in the DFT-coefficient feature space},
  author={Naftel, Andrew and Khalid, Shehzad},
  booktitle={International Conference on Computer Vision Systems},
  pages={47--47},
  year={2006},
}




@inproceedings{annoni2012analysis,
  title={Analysis of aircraft trajectories using fourier descriptors and kernel density estimation},
  author={Annoni, Ronald and Forster, Carlos HQ},
  booktitle={15th International {IEEE} Conference on Intelligent Transportation Systems},
  pages={1441--1446},
  year={2012}
}

@inproceedings{blacoe2012comparison,
  title={A comparison of vector-based representations for semantic composition},
  author={Blacoe, William and Lapata, Mirella},
  booktitle={Proceedings of the 2012 Joint Conference on Empirical Methods in Natural Language Processing and Computational Natural Language Learning},
  pages={546--556},
  year={2012},
}

@inproceedings{feng2017poi2vec,
  title={POI2Vec: Geographical Latent Representation for Predicting Future Visitors},
  author={Feng, Shanshan and Cong, Gao and An, Bo and Chee, Yeow Meng},
  booktitle={Proceedings of the 22nd {ACM} {SIGKDD} International Conference on Knowledge Discovery and Data Mining},
  pages={102--108},
  year={2017}
}
@inproceedings{feng2015personalized,
  title={Personalized Ranking Metric Embedding for Next New POI Recommendation},
  author={Feng, Shanshan and Li, Xutao and Zeng, Yifeng and Cong, Gao and Chee, Yeow Meng and Yuan, Quan},
  booktitle={Proceedings of the 24th International Joint Conference on Artificial Intelligence},
  pages={2069--2075},
  year={2015}
}
@inproceedings{yanardag2015deep,
  title={Deep graph kernels},
  author={Yanardag, Pinar and Vishwanathan, SVN},
  booktitle={Proceedings of the 21th ACM SIGKDD International Conference on Knowledge Discovery and Data Mining},
  pages={1365--1374},
  year={2015},
}
@inproceedings{grover2016node2vec,
  title={node2vec: Scalable feature learning for networks},
  author={Grover, Aditya and Leskovec, Jure},
  booktitle={Proceedings of the 22nd ACM SIGKDD International Conference on Knowledge Discovery and Data Mining},
  pages={855--864},
  year={2016},
}
@article{wieting2015towards,
  title={Towards universal paraphrastic sentence embeddings},
  author={Wieting, John and Bansal, Mohit and Gimpel, Kevin and Livescu, Karen},
  journal={arXiv preprint arXiv:1511.08198},
  year={2015}
}
@article{adi2016fine,
  title={Fine-grained analysis of sentence embeddings using auxiliary prediction tasks},
  author={Adi, Yossi and Kermany, Einat and Belinkov, Yonatan and Lavi, Ofer and Goldberg, Yoav},
  journal={arXiv preprint arXiv:1608.04207},
  year={2016}
}
@inproceedings{mikolov2013distributed,
  title={Distributed representations of words and phrases and their compositionality},
  author={Mikolov, Tomas and Sutskever, Ilya and Chen, Kai and Corrado, Greg S and Dean, Jeff},
  booktitle={Advances in Neural Information Processing Systems 26},
  pages={3111--3119},
  year={2013}
}
@article{mikolov2013efficient,
  title={Efficient estimation of word representations in vector space},
  author={Mikolov, Tomas and Chen, Kai and Corrado, Greg and Dean, Jeffrey},
  journal={arXiv preprint arXiv:1301.3781},
  year={2013}
}
@inproceedings{Ying:2011:STM:2093973.2093980,
 author = {Ying, Josh Jia-Ching and Lee, Wang-Chien and Weng, Tz-Chiao and Tseng, Vincent S.},
 title = {Semantic Trajectory Mining for Location Prediction},
 booktitle = {Proceedings of the 19th ACM SIGSPATIAL International Conference on Advances in Geographic Information Systems},
 year = {2011},
 pages = {34--43},
} 
@article{Yan:2013:STM:2483669.2483682,
 author = {Yan, Zhixian and Chakraborty, Dipanjan and Parent, Christine and Spaccapietra, Stefano and Aberer, Karl},
 title = {Semantic Trajectories: Mobility Data Computation and Annotation},
 journal = {ACM Transactions on Intelligent Systems and Technology },
 volume = {4},
 number = {3},
 year = {2013},
 pages = {49:1--49:38},
} 

@techreport{eiter1994computing,
  title={Computing discrete Fr{\'e}chet distance},
  author={Eiter, Thomas and Mannila, Heikki},
  year={1994},
  institution={CD-TR 94/64, Information Systems Department, Technical University of Vienna}
}

@article{paterson1994longest,
  title={Longest common subsequences},
  author={Paterson, Mike and Dan{\v{c}}{\'\i}k, Vlado},
  journal={Mathematical Foundations of Computer Science 1994},
  pages={127--142},
  year={1994}
}
@inproceedings{chen2004marriage,
  title={On the marriage of lp-norms and edit distance},
  author={Chen, Lei and Ng, Raymond},
  booktitle={Proceedings of the 30th International Conference on Very Large Data Bases},
  pages={792--803},
  year={2004}
}

@inproceedings{berndt1994using,
  title={Using dynamic time warping to find patterns in time series.},
  author={Berndt, Donald J and Clifford, James},
  booktitle={Knowledge Discovery in Databases: Papers from the 1994 {AAAI} Workshop},
  volume={10},
  number={16},
  pages={359--370},
  year={1994},
}

@inproceedings{cho2011friendship,
  title={Friendship and mobility: user movement in location-based social networks},
  author={Cho, Eunjoon and Myers, Seth A and Leskovec, Jure},
  booktitle={Proceedings of the 17th ACM SIGKDD international conference on Knowledge Discovery and Data Mining},
  pages={1082--1090},
  year={2011}
}
@article{yuan2017review,
  title={A review of moving object trajectory clustering algorithms},
  author={Yuan, Guan and Sun, Penghui and Zhao, Jie and Li, Daxing and Wang, Canwei},
  journal={Artificial Intelligence Review},
  volume={47},
  number={1},
  pages={123--144},
  year={2017}
}

@inproceedings{phan2005flow,
  title={Flow map layout},
  author={Phan, Doantam and Xiao, Ling and Yeh, Ron and Hanrahan, Pat},
  booktitle={Information Visualization, 2005. INFOVIS 2005. IEEE Symposium on},
  pages={219--224},
  year={2005}
}

@inproceedings{yuan2010t,
  title={T-drive: driving directions based on taxi trajectories},
  author={Yuan, Jing and Zheng, Yu and Zhang, Chengyang and Xie, Wenlei and Xie, Xing and Sun, Guangzhong and Huang, Yan},
  booktitle={Proceedings of the 18th SIGSPATIAL International conference on advances in geographic information systems},
  pages={99--108},
  year={2010}
}

@article{gupta2014kuramoto,
  title={Kuramoto model of synchronization: equilibrium and nonequilibrium aspects},
  author={Gupta, Shamik and Campa, Alessandro and Ruffo, Stefano},
  journal={Journal of Statistical Mechanics: Theory and Experiment},
  volume={2014},
  number={8},
  pages={R08001},
  year={2014},
  publisher={IOP Publishing}
}

@article{friedman1977algorithm,
  title={An algorithm for finding best matches in logarithmic expected time},
  author={Friedman, Jerome H and Bentley, Jon Louis and Finkel, Raphael Ari},
  journal={ACM Transactions on Mathematical Software (TOMS)},
  volume={3},
  number={3},
  pages={209--226},
  year={1977},
  publisher={ACM}
}
@inproceedings{kuramoto1975self,
  title={Self-entrainment of a population of coupled non-linear oscillators},
  author={Kuramoto, Yoshiki},
  booktitle={International symposium on mathematical problems in theoretical physics},
  pages={420--422},
  year={1975}
}

@article{arenas2008synchronization,
  title={Synchronization in complex networks},
  author={Arenas, Alex and D{\'\i}az-Guilera, Albert and Kurths, Jurgen and Moreno, Yamir and Zhou, Changsong},
  journal={Physics reports},
  volume={469},
  number={3},
  pages={93--153},
  year={2008},
  publisher={Elsevier}
}

@article{acebron2005kuramoto,
  title={The Kuramoto model: A simple paradigm for synchronization phenomena},
  author={Acebr{\'o}n, Juan A and Bonilla, Luis L and Vicente, Conrad J P{\'e}rez and Ritort, F{\'e}lix and Spigler, Renato},
  journal={Reviews of modern physics},
  volume={77},
  number={1},
  pages={137},
  year={2005},
  publisher={APS}
}

@inproceedings{zheng2009mining,
  title={Mining interesting locations and travel sequences from GPS trajectories},
  author={Zheng, Yu and Zhang, Lizhu and Xie, Xing and Ma, Wei-Ying},
  booktitle={Proceedings of the 18th International Conference on World Wide Web},
  pages={791--800},
  year={2009}
}

@inproceedings{liu2016unified,
  title={Unified Point-of-Interest Recommendation with Temporal Interval Assessment},
  author={Liu, Yanchi and Liu, Chuanren and Liu, Bin and Qu, Meng and Xiong, Hui},
  booktitle={Proceedings of the 22nd ACM SIGKDD International Conference on Knowledge Discovery and Data Mining},
  pages={1015--1024},
  year={2016}
}
@inproceedings{wang2014travel,
  title={Travel time estimation of a path using sparse trajectories},
  author={Wang, Yilun and Zheng, Yu and Xue, Yexiang},
  booktitle={Proceedings of the 20th ACM SIGKDD international conference on Knowledge Discovery and Data Mining},
  pages={25--34},
  year={2014}
}

@inproceedings{wang2008flexible,
  title={A flexible spatio-temporal indexing scheme for large-scale GPS track retrieval},
  author={Wang, Longhao and Zheng, Yu and Xie, Xing and Ma, Wei-Ying},
  booktitle={9th International Conference on Mobile Data Management},
  pages={1--8},
  year={2008}
}
@inproceedings{pfoser2000novel,
  title={Novel approaches to the indexing of moving object trajectories.},
  author={Pfoser, Dieter and Jensen, Christian S and Theodoridis, Yannis and others},
  booktitle={VLDB},
  pages={395--406},
  year={2000}
}

@book{guttman1984r,
  title={R-trees: a dynamic index structure for spatial searching},
  author={Guttman, Antonin},
  volume={14},
  number={2},
  year={1984},
  publisher={ACM}
}


@inproceedings{wang2015regularity,
  title={Regularity and conformity: Location prediction using heterogeneous mobility data},
  author={Wang, Yingzi and Yuan, Nicholas Jing and Lian, Defu and Xu, Linli and Xie, Xing and Chen, Enhong and Rui, Yong},
  booktitle={Proceedings of the 21th ACM SIGKDD International Conference on Knowledge Discovery and Data Mining},
  pages={1275--1284},
  year={2015}
}
@inproceedings{zheng2015approximate,
  title={Approximate keyword search in semantic trajectory database},
  author={Zheng, Bolong and Yuan, Nicholas Jing and Zheng, Kai and Xie, Xing and Sadiq, Shazia and Zhou, Xiaofang},
  booktitle={Data Engineering (ICDE), 2015 IEEE 31st International Conference on},
  pages={975--986},
  year={2015}
}

@inproceedings{xue2013destination,
  title={Destination prediction by sub-trajectory synthesis and privacy protection against such prediction},
  author={Xue, Andy Yuan and Zhang, Rui and Zheng, Yu and Xie, Xing and Huang, Jin and Xu, Zhenghua},
  booktitle={Data Engineering (ICDE), 2013 IEEE 29th International Conference on},
  pages={254--265},
  year={2013}
}

@article{yuan2015discovering,
  title={Discovering urban functional zones using latent activity trajectories},
  author={Yuan, Nicholas Jing and Zheng, Yu and Xie, Xing and Wang, Yingzi and Zheng, Kai and Xiong, Hui},
  journal={IEEE Transactions on Knowledge and Data Engineering},
  volume={27},
  number={3},
  pages={712--725},
  year={2015}
}

@inproceedings{wang2014travel,
  title={Travel time estimation of a path using sparse trajectories},
  author={Wang, Yilun and Zheng, Yu and Xue, Yexiang},
  booktitle={Proceedings of the 20th ACM SIGKDD international conference on Knowledge discovery and data mining},
  pages={25--34},
  year={2014}
}

@inproceedings{shang2014inferring,
  title={Inferring gas consumption and pollution emission of vehicles throughout a city},
  author={Shang, Jingbo and Zheng, Yu and Tong, Wenzhu and Chang, Eric and Yu, Yong},
  booktitle={Proceedings of the 20th ACM SIGKDD international conference on Knowledge discovery and data mining},
  pages={1027--1036},
  year={2014}
}

@inproceedings{wei2012constructing,
  title={Constructing popular routes from uncertain trajectories},
  author={Wei, Ling-Yin and Zheng, Yu and Peng, Wen-Chih},
  booktitle={Proceedings of the 18th ACM SIGKDD international conference on Knowledge discovery and data mining},
  pages={195--203},
  year={2012}
}

@article{zhou2007discovering,
  title={Discovering personally meaningful places: An interactive clustering approach},
  author={Zhou, Changqing and Frankowski, Dan and Ludford, Pamela and Shekhar, Shashi and Terveen, Loren},
  journal={ACM Transactions on Information Systems (TOIS)},
  volume={25},
  number={3},
  pages={12},
  year={2007}
}
@inproceedings{ashbrook2002learning,
  title={Learning significant locations and predicting user movement with GPS},
  author={Ashbrook, Daniel and Starner, Thad},
  booktitle={Wearable Computers, 2002.(ISWC 2002). Proceedings. Sixth International Symposium on},
  pages={101--108},
  year={2002}
}
@article{ashbrook2003using,
  title={Using GPS to learn significant locations and predict movement across multiple users},
  author={Ashbrook, Daniel and Starner, Thad},
  journal={Personal and Ubiquitous computing},
  volume={7},
  number={5},
  pages={275--286},
  year={2003}
}

@inproceedings{chen2011discovering,
  title={Discovering popular routes from trajectories},
  author={Chen, Zaiben and Shen, Heng Tao and Zhou, Xiaofang},
  booktitle={Proceedings of the 27th International Conference on Data Engineering},
  pages={900--911},
  year={2011}
}
@article{jeung2008discovery,
  title={Discovery of convoys in trajectory databases},
  author={Jeung, Hoyoung and Yiu, Man Lung and Zhou, Xiaofang and Jensen, Christian S and Shen, Heng Tao},
  journal={Proceedings of the VLDB Endowment},
  volume={1},
  number={1},
  pages={1068--1080},
  year={2008}
}

@inproceedings{li2010mining,
  title={Mining periodic behaviors for moving objects},
  author={Li, Zhenhui and Ding, Bolin and Han, Jiawei and Kays, Roland and Nye, Peter},
  booktitle={Proceedings of the 16th ACM SIGKDD International Conference on Knowledge Discovery and Data Mining},
  pages={1099--1108},
  year={2010}
}

@article{xiao2014inferring,
  title={Inferring social ties between users with human location history},
  author={Xiao, Xiangye and Zheng, Yu and Luo, Qiong and Xie, Xing},
  journal={Journal of Ambient Intelligence and Humanized Computing},
  volume={5},
  number={1},
  pages={3--19},
  year={2014}
}

@inproceedings{ye2009mining,
  title={Mining individual life pattern based on location history},
  author={Ye, Yang and Zheng, Yu and Chen, Yukun and Feng, Jianhua and Xie, Xing},
  booktitle={Tenth International Conference on Mobile Data Management},
  pages={1--10},
  year={2009}
}

@article{zheng2011recommending,
  title={Recommending friends and locations based on individual location history},
  author={Zheng, Yu and Zhang, Lizhu and Ma, Zhengxin and Xie, Xing and Ma, Wei-Ying},
  journal={ACM Transactions on the Web},
  volume={5},
  number={1},
  pages={5},
  year={2011}
}

@inproceedings{li2010incremental,
  title={Incremental clustering for trajectories},
  author={Li, Zhenhui and Lee, Jae-Gil and Li, Xiaolei and Han, Jiawei},
  booktitle={International Conference on Database Systems for Advanced Applications},
  pages={32--46},
  year={2010}
}

@article{liao2007learning,
  title={Learning and inferring transportation routines},
  author={Liao, Lin and Patterson, Donald J and Fox, Dieter and Kautz, Henry},
  journal={Artificial Intelligence},
  volume={171},
  number={5-6},
  pages={311--331},
  year={2007}
}

@inproceedings{yin2004high,
  title={High-level goal recognition in a wireless LAN},
  author={Yin, Jie and Chai, Xiaoyong and Yang, Qiang},
  booktitle={Proceedings of the national Conference on Artificial Intelligence},
  pages={578--584},
  year={2004}
}

@inproceedings{patterson2003inferring,
  title={Inferring high-level behavior from low-level sensors},
  author={Patterson, Donald J and Liao, Lin and Fox, Dieter and Kautz, Henry},
  booktitle={International Conference on Ubiquitous Computing},
  pages={73--89},
  year={2003}
}

@article{adrienko2011spatial,
  title={Spatial generalization and aggregation of massive movement data},
  author={Adrienko, Natalia and Adrienko, Gennady},
  journal={IEEE Transactions on Visualization and Computer Graphics},
  volume={17},
  number={2},
  pages={205--219},
  year={2011}
}

@article{douglas1973algorithms,
  title={Algorithms for the reduction of the number of points required to represent a digitized line or its caricature},
  author={Douglas, David H and Peucker, Thomas K},
  journal={Cartographica: The International Journal for Geographic Information and Geovisualization},
  volume={10},
  number={2},
  pages={112--122},
  year={1973}
}

@article{bellman1961approximation,
  title={On the approximation of curves by line segments using dynamic programming},
  author={Bellman, Richard},
  journal={Communications of the ACM},
  volume={4},
  number={6},
  pages={284},
  year={1961}
}

@incollection{lee2011trajectory,
  title={Trajectory preprocessing},
  author={Lee, Wang-Chien and Krumm, John},
  booktitle={Computing with Spatial Trajectories},
  pages={3--33},
  year={2011}
}

@inproceedings{kellaris2009trajectory,
  title={Trajectory compression under network constraints},
  author={Kellaris, Georgios and Pelekis, Nikos and Theodoridis, Yannis},
  booktitle={International Symposium on Spatial and Temporal Databases},
  pages={392--398},
  year={2009}
}
@article{parent2013semantic,
  title={Semantic trajectories modeling and analysis},
  author={Parent, Christine and Spaccapietra, Stefano and Renso, Chiara and Andrienko, Gennady and Andrienko, Natalia and Bogorny, Vania and Damiani, Maria Luisa and Gkoulalas-Divanis, Aris and Macedo, Jose and Pelekis, Nikos and others},
  journal={ACM Computing Surveys},
  volume={45},
  number={4},
  pages={42},
  year={2013}
}

@article{song2014press,
  title={PRESS: A novel framework of trajectory compression in road networks},
  author={Song, Renchu and Sun, Weiwei and Zheng, Baihua and Zheng, Yu},
  journal={Proceedings of the VLDB Endowment},
  volume={7},
  number={9},
  pages={661--672},
  year={2014}
}

@inproceedings{zheng2008learning,
  title={Learning transportation mode from raw gps data for geographic applications on the web},
  author={Zheng, Yu and Liu, Like and Wang, Longhao and Xie, Xing},
  booktitle={Proceedings of the 17th International Conference on World Wide Web},
  pages={247--256},
  year={2008},
}

@inproceedings{alvares2009framework,
  title={A Framework for Trajectory Data Preprocessing for Data Mining.},
  author={Alvares, Luis Otavio and Oliveira, Gabriel and Heuser, Carlos A and Bogorny, Vania},
  booktitle={Proceedings of the 21st International Conference on Software Engineering {\&} Knowledge Engineering},
  pages={698--702},
  year={2009}
}

@article{spaccapietra2008conceptual,
  title={A conceptual view on trajectories},
  author={Spaccapietra, Stefano and Parent, Christine and Damiani, Maria Luisa and de Macedo, Jose Antonio and Porto, Fabio and Vangenot, Christelle},
  journal={Data \& Knowledge Engineering},
  volume={65},
  number={1},
  pages={126--146},
  year={2008},
  publisher={Elsevier}
}

@inproceedings{zheng2008understanding,
  title={Understanding mobility based on GPS data},
  author={Zheng, Yu and Li, Quannan and Chen, Yukun and Xie, Xing and Ma, Wei-Ying},
  booktitle={Proceedings of the 10th International Conference on Ubiquitous Computing},
  pages={312--321},
  year={2008},
}

@inproceedings{alvares2007model,
  title={A model for enriching trajectories with semantic geographical information},
  author={Alvares, Luis Otavio and Bogorny, Vania and Kuijpers, Bart and de Macedo, Jose Antonio Fernandes and Moelans, Bart and Vaisman, Alejandro},
  booktitle={15th {ACM} International Symposium on Geographic Information Systems},
  pages={22},
  year={2007}
}


@inproceedings{palma2008clustering,
  title={A clustering-based approach for discovering interesting places in trajectories},
  author={Palma, Andrey Tietbohl and Bogorny, Vania and Kuijpers, Bart and Alvares, Luis Otavio},
  booktitle={Proceedings of the 2008 ACM Symposium on Applied Computing},
  pages={863--868},
  year={2008},
  organization={ACM}
}

@article{hu2017if,
  title={IF-Matching: Towards Accurate Map-Matching with Information Fusion},
  author={Hu, Gang and Shao, Jie and Liu, Fenglin and Wang, Yuan and Shen, Heng Tao},
  journal={IEEE Transactions on Knowledge and Data Engineering},
  volume={29},
  number={1},
  pages={114--127},
  year={2017},
  publisher={IEEE}
}
@article{zheng2011learning,
  title={Learning travel recommendations from user-generated GPS traces},
  author={Zheng, Yu and Xie, Xing},
  journal={ACM Transactions on Intelligent Systems and Technology},
  volume={2},
  number={1},
  pages={2},
  year={2011},
  publisher={ACM}
}

@inproceedings{li2008mining,
  title={Mining user similarity based on location history},
  author={Li, Quannan and Zheng, Yu and Xie, Xing and Chen, Yukun and Liu, Wenyu and Ma, Wei-Ying},
  booktitle={Proceedings of the 16th ACM SIGSPATIAL International Symposium on Advances in Geographic Information Systems},
  pages={34},
  year={2008},
}

@article{yuan2013t,
  title={T-finder: A recommender system for finding passengers and vacant taxis},
  author={Yuan, Nicholas Jing and Zheng, Yu and Zhang, Liuhang and Xie, Xing},
  journal={IEEE Transactions on Knowledge and Data Engineering},
  volume={25},
  number={10},
  pages={2390--2403},
  year={2013},
  publisher={IEEE}
}



@article{zheng2015trajectory,
  title={Trajectory data mining: an overview},
  author={Zheng, Yu},
  journal={ACM Transactions on Intelligent Systems and Technology},
  volume={6},
  number={3},
  pages={29},
  year={2015},
  publisher={ACM}
}

DTW, not cited 
@article{agrawal1993efficient,
  title={Efficient similarity search in sequence databases},
  author={Agrawal, Rakesh and Faloutsos, Christos and Swami, Arun},
  journal={Foundations of data organization and algorithms},
  pages={69--84},
  year={1993},
  publisher={Springer}
}

DTW, not cited 
@article{sankoff1983time,
  title={Time warps, string edits, and macromolecules: the theory and practice of sequence comparison},
  author={Sankoff, David and Kruskal, Joseph B},
  journal={Reading: Addison-Wesley Publication, 1983, edited by Sankoff, David; Kruskal, Joseph B.},
  volume={1},
  year={1983}
}

@inproceedings{giannotti2007trajectory,
  title={Trajectory pattern mining},
  author={Giannotti, Fosca and Nanni, Mirco and Pinelli, Fabio and Pedreschi, Dino},
  booktitle={Proceedings of the 13th ACM SIGKDD international conference on Knowledge discovery and data mining},
  pages={330--339},
  year={2007},
  organization={ACM}
}


@inproceedings{chen2005robust,
  title={Robust and fast similarity search for moving object trajectories},
  author={Chen, Lei and {\"O}zsu, M Tamer and Oria, Vincent},
  booktitle={Proceedings of the 2005 ACM SIGMOD international conference on Management of data},
  pages={491--502},
  year={2005},
  organization={ACM}
}

@inproceedings{lee2007trajectory,
  title={Trajectory clustering: a partition-and-group framework},
  author={Lee, Jae-Gil and Han, Jiawei and Whang, Kyu-Young},
  booktitle={Proceedings of the 2007 {ACM} {SIGMOD} International Conference on Management of Data},
  pages={593--604},
  year={2007},
}


@article{mazimpaka2016trajectory,
  title={Trajectory data mining: A review of methods and applications},
  author={Mazimpaka, Jean Damasc{\`e}ne and Timpf, Sabine},
  journal={Journal of Spatial Information Science},
  volume={2016},
  number={13},
  pages={61--99},
  year={2016}
}

@inproceedings{bohm2010clustering,
  title={Clustering by synchronization},
  author={B{\"o}hm, Christian and Plant, Claudia and Shao, Junming and Yang, Qinli},
  booktitle={Proceedings of the 16th {ACM} {SIGKDD} International Conference on Knowledge Discovery and Data Mining},
  pages={583--592},
  year={2010},
}


@inproceedings{shao2014prototype,
  title={Prototype-based learning on concept-drifting data streams},
  author={Shao, Junming and Ahmadi, Zahra and Kramer, Stefan},
  booktitle={Proceedings of the 20th ACM SIGKDD International Conference on Knowledge Discovery and Data Mining},
  pages={412--421},
  year={2014},
}

@article{shao2016scalable,
  title={Scalable clustering by iterative partitioning and point attractor representation},
  author={Shao, Junming and Yang, Qinli and Dang, Hoang-Vu and Schmidt, Bertil and Kramer, Stefan},
  journal={ACM Transactions on Knowledge Discovery from Data},
  volume={11},
  number={1},
  pages={5},
  year={2016},
  publisher={ACM}
}

@inproceedings{maurus2016skinny,
  title={Skinny-dip: Clustering in a Sea of Noise},
  author={Maurus, Samuel and Plant, Claudia},
  booktitle={Proceedings of the 22nd ACM SIGKDD International Conference on Knowledge Discovery and Data Mining},
  pages={1055--1064},
  year={2016},
}

@inproceedings{shao2015community,
  title={Community detection based on distance dynamics},
  author={Shao, Junming and Han, Zhichao and Yang, Qinli and Zhou, Tao},
  booktitle={Proceedings of the 21th ACM SIGKDD International Conference on Knowledge Discovery and Data Mining},
  pages={1075--1084},
  year={2015},
}
